3000 4717
2298 375 2345 413 A.
2374 376 2418 413 e.
2447 375 2545 423 364.

483 389 622 465 326
1325 390 1400 460 T.
1466 389 1743 493 151V11
2301 433 2352 474 υ,
2376 437 2424 475 C,
2450 438 2540 477 sss.

480 516 712 585 Creati
758 514 1080 610 quinque
1135 516 1419 582 Patrum
1446 568 1465 598 ,
1520 515 1842 610 quinque
1886 509 2111 611 plebis
2153 536 2167 582 τ’
2222 513 2598 611 graduque

480 652 567 697 eo
589 626 732 719 jam
767 626 872 693 via
898 622 1076 692 facta
1104 620 1193 691 ad
1222 620 1672 691 consulatum
1700 618 2093 689 videbatur.
2130 625 2277 689 Hac
2300 622 2598 692 victoria

481 748 822 806 contenta
860 731 1108 830 plebes
1146 731 1350 800 cessit
1383 728 1746 816 PatribuS,
1778 743 1857 799 nt
1903 730 1974 798 in
2011 730 2383 827 praesentia
2417 756 2596 802 con-

482 846 719 915 sulum
756 844 1124 913 mentione
1160 841 1452 926 omissa,
1490 839 1765 909 tribuni
1800 838 2106 908 militum
2151 855 2590 910 crearentur.

482 956 716 1026 Creati
745 956 822 1023 A.
850 967 921 1022 et
944 954 1039 1020 M.
1069 948 1387 1020 Cornelii
1415 949 1710 1035 iterum,
1734 952 1828 1017 M.
1863 948 2254 1043 Geganius,
2283 952 2355 1017 P.
2394 952 2593 1017 Man-

480 1068 656 1155 lius,
709 1071 782 1137 L.
803 1066 1165 1148 Veterius,
1202 1068 1278 1132 P.
1310 1061 1637 1132 Valerius
1691 1076 1997 1131 sextum.
2045 1063 2286 1150 Quum
2337 1076 2599 1157 praeter

483 1178 915 1249 Velitrarum
939 1174 1425 1260 obsidionem,
1446 1171 1631 1241 tardi
1651 1195 1874 1269 magis
1893 1195 2048 1242 rem
2079 1173 2311 1242 exitus
2327 1193 2598 1268 ‚quam
2690 1183 2697 1190 '

483 1287 714 1371 dubii,
760 1287 1019 1382 quietae
1060 1299 1371 1353 externae
1399 1277 1561 1352 res³
1593 1282 1930 1351 Romanis
1963 1287 2237 1370 essent3
2278 1279 2461 1352 fama
2494 1291 2601 1353 re-

482 1417 661 1492 pens
688 1394 857 1465 belli
878 1394 1106 1491 gallici
1128 1392 1336 1461 allata
1364 1390 1677 1514 perpulit
1701 1391 2088 1478 civitatem,
2118 1394 2315 1459 utM.
2344 1393 2600 1462 Furius

439 1572 445 1586 ,
487 1506 792 1574 dictator
836 1506 1169 1599 quintum
1216 1500 1611 1587 diceretur3
1658 1501 1716 1570 is
1745 1505 1820 1570 T
1859 1501 2236 1588 Quintium
2270 1506 2600 1571 Pennum

482 1616 896 1737 magistrum
927 1615 1249 1709 equitum
1273 1610 1471 1680 dixit..
1498 1611 1847 1680 Bellatum
1869 1634 2032 1702 cum
2056 1610 2274 1680 Gallis
2293 1636 2378 1681 eo
2403 1636 2602 1681 anno

484 1726 665 1794 circa
719 1725 1062 1794 Anienem
1109 1723 1414 1808 flumen,
1459 1735 1710 1790 auctor
1760 1735 1866 1790 est
1899 1695 2325 1807 Claudius&
2370 1720 2598 1817 incly-

486 1846 778 1928 tamque
826 1835 899 1901 in
947 1848 1170 1929 ponte
1216 1853 1568 1929 pugnam,
1616 1850 1758 1926 qua
1804 1834 1882 1899 T.
1922 1830 2229 1900 Manlius
2272 1831 2599 1920 Gallum,

484 1965 647 2011 cum
692 1966 839 2038 quo
876 1954 1306 2039 provocatus
1350 1963 1605 2008 manus
1649 1940 2045 2022 conseruit,
2093 1940 2166 2009 in
2205 1955 2602 2036 conspectu

486 2051 797 2121 duorum
828 2053 1267 2121 exercituum
1306 2070 1561 2118 caesum
1598 2063 1857 2143 torque
1892 2049 2250 2145 spoliavit,
2286 2064 2441 2119 tum
2473 2073 2602 2147 pu-

483 2177 792 2257 gnatam.
838 2161 1167 2231 Pluribus
1216 2155 1630 2227 auctoribus
1672 2160 1895 2254 magis
1935 2159 2290 2249 adducor,
2330 2174 2410 2230 ut
2450 2185 2599 2231 cre-

488 2271 684 2355 dam,
738 2270 987 2340 decem
1041 2267 1232 2337 haud
1287 2267 1526 2335 minus
1574 2281 1739 2361 post
1791 2289 2019 2338 annos
2065 2293 2146 2338 ea
2195 2283 2348 2339 acta
2394 2296 2409 2337 :
2459 2268 2604 2340 hoc

487 2393 723 2449 autem
774 2402 966 2446 anno
1019 2379 1095 2445 in
1148 2375 1409 2444 albano
1466 2396 1636 2469 agro
1699 2399 1864 2445 cum
1924 2377 2188 2468 Gallis,
2252 2379 2604 2452 dictatore

485 2492 580 2558 M.
613 2488 856 2577 Furio,
889 2488 1084 2583 signa
1116 2485 1372 2556 collata
1386 2480 1440 2553 ⁵.
1485 2489 1636 2557 Nec
1669 2485 1922 2576 dubia,
1965 2514 2099 2559 nec
2135 2487 2439 2559 difficilis
2466 2495 2599 2559 Ro-

1587 2695 1800 2745 Acilium
1829 2699 1964 2746 illum
1998 2713 2100 2747 non
2130 2699 2281 2747 fuisse
2303 2700 2359 2747 C.
2387 2698 2602 2747 Acilium

1589 2776 1925 2835 Glabrionem,
1951 2790 2002 2826 ut
2019 2781 2162 2826 Voss.
2181 2780 2351 2826 histor.
2371 2779 2526 2826 Graec.
2545 2781 2603 2838 1,

557 2700 602 2746 3.
635 2697 819 2760 Quieta!
840 2709 1054 2745 externa·
1075 2714 1171 2755 res,
1207 2697 1338 2745 conf.
1366 2695 1429 2744 ad
1447 2697 1498 2752 1,

489 2778 573 2838 57,
599 2795 648 2824 n.
680 2792 728 2836 7,
753 2789 800 2825 et
827 2780 901 2836 11,
931 2778 1010 2835 18,
1034 2794 1083 2824 n.
1110 2792 1154 2822 1.

557 2864 604 2913 4.
641 2856 879 2903 Bellatum
921 2873 1029 2902 cum
1070 2854 1226 2902 Gallis
1271 2869 1327 2901 eo
1367 2868 1497 2899 anno

480 2935 611 2983 circa
631 2934 865 2982 Anienem
868 2934 1059 3001 flumen
1079 2944 1254 2980 auctor
1270 2942 1340 2978 est
1361 2931 1500 2978 Clau-

481 3013 621 3070 dius,
653 3015 715 3074 Q.
742 3012 973 3061 Claudius
997 3011 1375 3073 Quadrigarius,
1414 3008 1499 3071 qui

485 3092 680 3139 annales
692 3091 965 3148 Acilianos,
984 3106 1190 3153 quorum
1205 3098 1376 3136 auctor
1386 3097 1504 3134 tem·

486 3184 607 3234 pore
623 3168 742 3215 belli
763 3169 931 3233 punIci
947 3170 997 3215 11
1019 3169 1232 3224 vixerat,
1258 3183 1320 3213 ex
1343 3181 1501 3229 graeoo

484 3246 630 3294 vertit
657 3246 708 3292 in
736 3247 936 3293 latinum
968 3245 1115 3307 (vide
1139 3246 1307 3302 XXV,
1335 3233 1424 3308 39,
1453 3254 1503 3291 et

485 3324 705 3382 XXXV,
741 3340 759 3370 1
772 3332 826 3384 4,
857 3340 999 3388 quam
1032 3335 1194 3371 tamen
1226 3325 1501 3373 versionem

485 3406 652 3468 Sigon.
677 3403 848 3451 tribuit
876 3403 1045 3450 Clodio
1066 3402 1279 3458 Licinio,
1312 3402 1373 3450 de
1398 3418 1498 3465 quo

489 3483 602 3531 vide
634 3482 812 3529 XXIX
833 3515 847 3538 ,
884 3496 947 3527 αα
966 3482 1010 3543 ),
1045 3491 1093 3527 et
1129 3481 1180 3527 in
1209 3481 1370 3543 primo
1395 3482 1499 3541 ejus

483 3562 611 3610 libro
654 3561 781 3608 hauc
820 3560 877 3606 T.
915 3559 1090 3606 Manlii
1130 3575 1342 3623 pugnam
1386 3575 1499 3607 eum

486 3641 628 3688 Gallo
648 3638 929 3702 descripsit3
941 3636 1055 3684 vide
1074 3638 1199 3685 Gell.
1212 3640 1311 3693 IX,
1332 3639 1411 3685 13.
1424 3640 1498 3685 De

482 3720 594 3783 ipso
620 3716 825 3767 Claudio
847 3727 895 3763 et
916 3716 1076 3763 Acilio
1100 3716 1212 3764 vide
1236 3716 1414 3765 Duker.
1436 3716 1498 3765 sd

399 3849 404 3854 ,
485 3799 655 3854 XXV,
675 3798 758 3859 39,
783 3812 833 3842 ιι.
860 3811 917 3842 12
948 3795 1064 3859 (ubi
1090 3794 1259 3855 docet,
1288 3812 1391 3845 non
1416 3796 1503 3843 mi-

483 3891 576 3922 nus
595 3876 833 3923 incertum
856 3890 983 3933 esse,
1010 3875 1119 3936 quis
1141 3875 1330 3923 Acilius
1352 3875 1498 3923 fuerit

483 3952 744 3999 historicus
755 3985 769 4009 ,
787 3969 930 4015 quarn
947 3964 1109 4001 utrum
1125 3953 1355 4001 OEaudius
1367 3956 1497 4017 Qua·

482 4029 719 4091 drigarius
739 4044 800 4075 an
828 4031 949 4077 alius
983 4029 1214 4078 Claudius
1235 4032 1384 4080 Acilii
1411 4049 1496 4080 an-

481 4105 613 4155 nales
635 4106 892 4170 verterit);
926 4107 1207 4156 Creverium
1231 4110 1354 4159 ibid.
1382 4110 1498 4176 (qui

1595 2855 1653 2901 18
1684 2856 1920 2919 putabat,
1953 2856 2040 2904 sed
2067 2858 2122 2905 C.
2151 2858 2387 2914 Acilium,
2412 2874 2438 2904 a
2467 2857 2596 2906 Plut.

1588 2933 1692 2979 Cat.
1725 2936 1835 2993 maj.
1867 2951 1922 2998 p.
1955 2935 2054 2996 349
2083 2935 2359 2992 laudatum,
2385 2935 2601 2999 suspica-
2679 2942 2684 2946 ’

1588 3010 1781 3068 batur);
1807 3013 2078 3076 Schweigh.
2097 3014 2161 3060 ad
2181 3014 2403 3078 Appian
2417 3014 2481 3060 de
2494 3013 2600 3061 reb.

1590 3089 1698 3151 gall.
1722 3091 1842 3137 Exe.
1855 3092 1904 3148 1,
1924 3107 1977 3155 p.
1998 3105 2119 3151 1723
2137 3093 2281 3140 Voss.
2302 3093 2364 3140 de
2383 3092 2495 3140 hist.
2514 3090 2601 3139 lat.

1589 3170 1641 3225 1,
1669 3184 1730 3215 ιο
1753 3178 1802 3215 et
1824 3184 1882 3223 ιη
1899 3185 1912 3225 ;
1932 3166 2127 3218 Ernesti
2144 3172 2271 3219 clav.
2286 3173 2391 3220 Cic.
2420 3174 2493 3219 De
2517 3172 2603 3219 ill·

1588 3263 1749 3311 pugna
1771 3248 1884 3295 vide
1907 3248 2119 3306 infivu,
2154 3265 2233 3299 10.
2258 3278 2324 3286 —-
2356 3251 2472 3299 Cum
2503 3267 2603 3315 quo

1579 3338 1871 3388 provocatus
1905 3344 2076 3375 manus
2106 3329 2347 3375 conseruit
2352 3347 2373 3385 ,·
2404 3345 2604 3376 manum

1587 3407 1790 3469 Portug.
1822 3406 2002 3453 Har-lei.
2035 3423 2128 3454 see.
2159 3408 2371 3454 Haverk.
2412 3411 2598 3470 Fragm-

1586 3483 1711 3531 Hav.
1725 3496 1774 3531 et
1792 3485 1991 3532 Hearnii
2015 3485 2310 3532 oxoniensis
2328 3488 2388 3533 B.
2409 3488 2605 3533 Utrum·

1586 3577 1682 3624 que
1708 3561 1944 3627 loquendi
1975 3578 2126 3626 genus
2162 3574 2212 3611 et
2245 3564 2386 3611 Livio
2420 3575 2468 3611 et
2492 3564 2603 3611 aliis

1586 3642 1867 3689 auctoribus
1901 3642 2126 3706 frequens
2166 3653 2237 3689 est
2253 3675 2270 3700 ,
2302 3642 2386 3705 qui
2405 3629 2601 3706 ‘passim

1586 3734 1834 3766 conserere
1882 3731 1931 3767 et
1980 3719 2198 3786 conferre
2239 3736 2464 3778 manum,
2516 3732 2602 3768 aut

1587 3813 1759 3844 manus
1794 3797 2038 3846 dixerunt.
2069 3799 2165 3846 Hic
2196 3810 2356 3847 autem
2386 3799 2602 3863 optimos

1585 3876 1808 3931 codices,
1827 3877 1911 3939 qui
1928 3876 2050 3923 nihil
2069 3888 2282 3940 mutant,
2301 3879 2479 3936 secuti,
2496 3876 2603 3924 vul-

1584 3964 1746 4018 gatum
1767 3970 2024 4002 servamus.
2050 3956 2140 4002 En.

1658 4034 1705 4080 5.
1729 4035 1837 4079 Hoc
1860 4044 2020 4092 aretem
2047 4049 2177 4082 anno
2202 4034 2251 4080 in
2271 4034 2452 4080 albano
2475 4049 2599 4096 agro

1585 4128 1694 4159 cum
1707 4111 1864 4159 Gallis
1881 4111 2021 4176 signa
2038 4112 2249 4169 collata,
2267 4112 2399 4161 conf.
2418 4111 2599 4177 Polyb.
