3000 4717
2306 309 2353 346 A.
2378 303 2426 344 C.
2454 308 2551 362 387.

1326 328 1402 393 T.
1468 328 1746 396 LIVII
2303 366 2552 409 moses.

468 447 689 547 palati
712 445 1028 534 fuerant,
1054 444 1182 517 sed
1207 447 1421 517 etiam
1447 470 1537 517 ex
1559 447 1763 516 Latio
1787 443 2209 518 voluntariis
2233 446 2602 519 confluen-

466 557 701 646 tibus,
733 572 815 629 ut
851 558 930 631 in
963 571 1168 655 parte
1198 555 1730 655 praedae-essent
1772 582 1787 624 ε
1827 570 2193 629 maturum
2224 555 2372 650 jam
2400 556 2602 629 vide·-

465 668 684 740 batur
703 721 723 758 ‚
760 670 998 766 repeti
1028 669 1333 765 patriam
1368 667 1697 764 eripique
1734 691 1823 740 ex
1865 667 2182 740 hostium
2216 665 2551 740 manibus
2582 695 2599 734 :

467 779 597 852 sed
643 782 933 877 corpori
959 778 1197 850 valido
1231 794 1451 876 caput
1485 777 1753 849 deerat.
1801 783 2040 850 Locus
2074 779 2227 875 ipse
2254 776 2604 850 admone-

466 888 594 962 bat
622 889 900 962 Camilli
919 886 973 976 ⁵,
1025 903 1097 959 et
1135 913 1391 985 magna
1428 912 1594 985 pars
1640 888 1952 958 militum
1989 902 2140 959 erat
2164 940 2182 973 ‚
2220 888 2349 983 qui
2377 886 2605 958 ductu

468 1001 937 1098 auspicioque
976 998 1131 1094 ejus
1172 1023 1289 1069 res
1324 1022 1670 1096 prospere
1703 1013 2103 1094 gesserant3
2147 1011 2220 1068 et
2255 996 2603 1068 Caedicius

466 1135 757 1208 negare,
782 1134 857 1182 se
878 1111 1432 1182 commissurum
1445 1163 1464 1197 ‚
1488 1134 1620 1179 cur
1638 1107 1807 1197 sibi,
1829 1123 1953 1180 aut
1973 1108 2280 1182 deorum
2294 1161 2313 1195 ‚
2337 1122 2460 1178 aut
2480 1107 2606 1177 ho-

467 1222 751 1292 minum
780 1221 1162 1318 quisquam
1195 1220 1582 1317 imperium
1612 1217 1854 1290 finiret
1886 1220 2130 1316 potius
2152 1272 2171 1306 ‚
2203 1241 2424 1315 quam
2449 1220 2604 1315 ipse

470 1356 753 1404 memor
795 1330 1073 1404 ordinis
1116 1332 1226 1403 sui
1279 1343 1610 1428 posceret
1644 1330 2176 1426 imperatorem.
2230 1333 2608 1400 Consensu

474 1442 805 1513 omnium
828 1440 1099 1537 placuit
1118 1493 1137 1527 ‚
1172 1438 1264 1510 ab
1288 1438 1526 1510 Ardea
1551 1438 1935 1511 Camillum
1960 1440 2209 1528 acciri;
2241 1437 2368 1510 sed
2401 1450 2610 1510 antea

479 1549 819 1620 consulto
842 1563 1095 1619 senatu
1111 1601 1130 1635 ‚
1161 1550 1288 1643 qui
1311 1552 1559 1618 Romae
1584 1562 1769 1620 esset
1799 1576 1815 1618 τ
1845 1548 2028 1620 adeo
2051 1548 2349 1647 regebat
2369 1547 2612 1618 omnia

473 1657 715 1756 pudor
733 1654 791 1744 ⁶,
844 1656 1406 1753 discriminaque
1451 1682 1703 1728 rerum
1756 1681 1988 1755 prope
2040 1656 2344 1756 perditis
2390 1655 2611 1728 rebus

476 1765 883 1840 servabant.
913 1768 1202 1864 Ingenti
1233 1767 1559 1863 periculo
1586 1768 2111 1839 transeundum
2141 1792 2272 1866 per
2293 1767 2612 1839 hostium

475 1876 845 1950 custodias
890 1891 1042 1949 erat
1086 1904 1101 1944 :
1147 1875 1238 1947 ad
1275 1901 1435 1946 eam
1471 1901 1626 1945 rem
1659 1879 1963 1949 Pontius
1992 1878 2368 1949 Cominius
2389 1887 2442 1965 ⁷,
2477 1877 2614 1946 im-

474 1991 682 2088 piger
705 1988 991 2085 juvenis
1009 2042 1028 2076 ‚
1056 2010 1356 2083 operam
1388 1985 1754 2083 pollicitus
1771 2041 1790 2075 ‚
1819 1986 2176 2057 incubans
2206 1986 2485 2071 cortici,
2513 2007 2616 2056 se-

475 2099 723 2170 cundo
740 2095 981 2170 Tiberi
1006 2098 1097 2168 ad
1121 2096 1396 2169 Urbem
1421 2095 1780 2168 defertur:
1807 2095 2009 2185 inde,
2035 2121 2178 2193 qua
2202 2098 2616 2193 proximum

477 2209 615 2282 fuit
643 2235 684 2280 a
707 2210 864 2304 ripa
882 2263 900 2296 ‚
928 2232 1060 2305 per
1090 2222 1538 2304 praeruptum
1554 2261 1573 2295 ‚
1600 2232 1834 2304 eoque
1855 2206 2270 2304 neglectum
2287 2206 2609 2277 hostium

477 2321 856 2407 custodiae,
908 2342 1160 2390 saxum
1203 2321 1282 2388 in
1321 2319 1756 2417 Capitolium
1799 2316 2072 2405 evadit3
2119 2331 2188 2388 et
2209 2371 2228 2404 ,
2265 2315 2355 2386 ad
2390 2317 2614 2414 magi·
2658 2373 2665 2378 .

474 352 609 396 212

479 2496 544 2545 ad
559 2499 585 2544 1
603 2533 617 2556 ‚
651 2514 672 2544 1
694 2532 708 2555 ‚
738 2514 787 2544 n.
825 2496 872 2544 5.
902 2523 970 2532 —
996 2498 1060 2543 Ue
1083 2495 1135 2543 in
1155 2507 1305 2559 parce
1318 2494 1509 2560 proedoe
1596 2495 1855 2541 servabant
1873 2494 2033 2542 adhue
2050 2494 2289 2543 Romani:
2305 2494 2402 2542 nisi
2422 2493 2615 2559 legend.

482 2587 660 2632 essent,
691 2574 807 2623 vide
826 2574 890 2622 ad
909 2576 974 2633 V,
995 2587 1084 2633 αι,
1100 2591 1151 2621 n.
1178 2583 1240 2631 4.·

556 2656 605 2704 5.
643 2657 794 2702 Locus
826 2653 927 2719 ipse
954 2654 1255 2702 admonebat
1283 2652 1508 2713 Camilli,

482 2736 588 2784 scil.
598 2735 739 2793 Veii,
768 2734 829 2782 ab
851 2749 909 2781 eo
933 2734 1081 2799 capti.
1097 2735 1250 2781 —Et
1275 2732 1512 2781 Caedicius

484 2815 581 2881 (de
607 2831 708 2880 quo
739 2813 853 2861 vide
879 2830 922 2861 c.
948 2814 1015 2870 45
1037 2811 1198 2878 extr.)
1228 2827 1409 2877 negare
1417 2846 1434 2868 ,
1464 2826 1516 2857 se

415 2948 426 2952 ,
488 2894 877 2950 commissurum,
908 2909 1011 2950 cur,
1044 2904 1100 2940 ut
1138 2891 1239 2957 (cf.
1268 2890 1517 2947 XXXIV,

489 2976 552 3023 31
576 2971 722 3038 extr.)
739 3007 754 3031 ,
772 2972 866 3021 sibi
878 3007 895 3029 ,
919 2983 1013 3022 etc.
1031 2971 1083 3018 h.
1100 2988 1144 3018 e.
1166 2969 1293 3018 dixit
1307 3004 1322 3029 ,
1343 2985 1395 3015 se
1412 2983 1518 3016 non

487 3069 594 3100 eam
611 3052 665 3099 in
683 3068 735 3099 se
757 3050 1079 3098 admissurum
1099 3066 1203 3097 esse
1224 3048 1416 3111 culpam
1429 3078 1445 3102 ,
1462 3056 1519 3093 ut

487 3131 568 3178 vel
593 3131 825 3188 deonna,
845 3130 924 3178 vel
940 3129 1195 3177 hominum
1213 3127 1354 3186 jussu
1380 3124 1519 3189 prius

490 3209 760 3273 deponeret
788 3208 1073 3273 imperium,
1104 3220 1253 3268 quam
1282 3204 1381 3267 ipse
1414 3218 1514 3249 me-

493 3305 603 3337 mor
627 3288 811 3338 ordinis
841 3287 920 3334 sui
945 3287 1086 3352 (nam
1114 3282 1335 3347 plebeius
1362 3282 1515 3328 homo

492 3380 595 3417 erat
617 3379 666 3416 et
690 3366 937 3422 centurio,
961 3364 1041 3410 cui
1066 3376 1170 3409 non
1188 3361 1368 3408 licebat
1386 3375 1518 3407 sum-

493 3465 627 3496 mum
641 3447 737 3495 sihi
748 3444 1006 3509 imperium
1026 3440 1311 3505 deposcere)
1325 3439 1521 3501 juberet

495 3537 784 3591 optaretque
796 3558 809 3582 ‚
826 3534 883 3570 ut
900 3523 1167 3585 imperator
1189 3530 1522 3567 crearetur.—

498 3605 631 3654 Ordo
651 3604 732 3651 hic
746 3618 839 3666 pro
852 3611 1003 3658 statu,
1027 3597 1339 3658 conditione,
1360 3598 1522 3663 digni-

500 3697 616 3734 tate.
627 3683 756 3730 Vide
774 3682 927 3741 infra,
946 3680 1032 3728 lib.
1047 3681 1189 3727 XLII
1207 3713 1222 3739 ‚
1242 3695 1285 3725 c.
1312 3680 1376 3726 33
1392 3712 1406 3736 ,
1431 3680 1518 3738 343

500 3776 550 3813 et
572 3764 676 3811 Cic.
704 3763 757 3810 in
775 3763 917 3808 Verr.
943 3760 1031 3808 lib.
1057 3763 1134 3818 11,
1155 3774 1262 3822 cap.
1290 3760 1356 3822 63
1383 3759 1520 3807 Curt.

500 3843 690 3898 lib.VI‚
711 3857 819 3904 cap.
846 3856 867 3887 ι
883 3856 927 3888 1.
949 3841 1039 3887 En.

571 3922 621 3967 6.
652 3920 792 3967 Adeo
820 3919 1019 3982 regebat
1048 3918 1215 3965 omnia
1232 3918 1416 3981 pudor,
1447 3909 1523 3965 τῖ-

504 3998 721 4046 verentia
754 4008 974 4053 senatus,
995 3996 1157 4059 legum
1188 4008 1238 4045 et
1272 3997 1523 4045 instituto·
1546 4055 1551 4062 ἱ

502 4092 607 4124 rum
633 4076 832 4139 patriae3
859 4074 1233 4136 discriminaque
1261 4091 1525 4125 πωπω...

1597 2573 1929 2623 servabantur.
1952 2574 2096 2623 Cous.
2113 2574 2177 2622 ad
2191 2575 2294 2632 ΙΙΙ,
2316 2589 2403 2635 ao,
2422 2589 2473 2622 n.
2495 2575 2554 2631 63
2571 2584 2619 2621 et

1599 2653 1666 2713 V,
1691 2661 1755 2709 4ο
1769 2687 1783 2712 ,
1810 2669 1861 2702 n.
1883 2653 1934 2702 6.

1672 2744 1722 2793 ⁴¹7.
1748 2730 1949 2781 Pontius
1971 2732 2240 2787 Cominius,
2263 2741 2319 2779 ut
2345 2730 2477 2796 apud
2493 2731 2619 2778 Plut.

1604 2811 1792 2859 Camill.
1815 2828 1866 2875 p.
1895 2820 2011 2869 1413
2034 2811 2336 2867 Zona-NH,
2356 2810 2448 2868 233
2471 2807 2619 2855 Diod.

1605 2890 1750 2947 XIV,
1771 2906 1823 2954 p.
1850 2889 2126 2947 4553Ge11.
2146 2890 2328 2946 XVII,
2357 2903 2384 2935 2
2405 2921 2420 2944 ‚
2447 2887 2508 2934 al.
2536 2887 2623 2934 Co-

1605 2967 1789 3036 minus?
1820 2978 1877 3014 ut
1894 2979 1944 3014 et
1968 2967 2118 3029 vulgo
2136 2983 2217 3032 ap.
2239 2966 2457 3014 Frontin.
2479 2967 2622 3013 strat.

1606 3047 1707 3102 111,
1732 3041 1813 3102 13,
1833 3061 1878 3102 1,
1897 3044 1983 3107 qui
2001 3060 2107 3092 rem
2125 3046 2274 3109 paulo
2289 3045 2428 3094 aliter
2445 3055 2622 3091 narrat.

1607 3122 1752 3182 Γοὶῑος
1781 3123 1983 3183 Πόντιος
2018 3126 2201 3175 dicitur
2222 3126 2471 3188 Plutarch.
2489 3128 2622 3190 opp.

1607 3213 1645 3251 t.
1666 3204 1740 3260 H,
1763 3218 1813 3265 p.
1840 3202 1958 3258 324.
1978 3204 2034 3250 E.
2052 3215 2102 3252 et
2118 3219 2374 3268 perperam
2387 3203 2626 3253 caedicius

1603 3281 1821 3346 Appiani.
1844 3281 1969 3329 Gall.
1990 3283 2110 3331 Exc.
2130 3284 2204 3330 IV
2223 3293 2274 3331 et
2289 3284 2357 3331 V.
2379 3282 2479 3332 Sed
2497 3280 2627 3329 unde

1607 3360 1708 3408 duo
1722 3359 1954 3428 ⁴gentium
1979 3362 2182 3409 nomina
2211 3362 2299 3409 uni
2326 3360 2630 3417 fueruntho·

1607 3440 1762 3489 mini?
1780 3467 1850 3477 -—
1871 3439 1981 3502 Qua
1998 3440 2284 3504 proximum
2293 3440 2403 3506 ficit
2424 3457 2462 3487 a
2483 3440 2593 3503 ripa
2611 3457 2628 3486 :

1610 3535 1713 3568 non
1748 3520 1923 3567 laboro
1941 3536 1955 3579 3
1998 3519 2086 3567 sed
2115 3519 2347 3568 inducere
2372 3519 2539 3570 malim
2572 3519 2630 3569 τὸ

1610 3619 1673 3659 a,
1709 3613 1764 3650 ut
1793 3602 1891 3650 sit:
1922 3616 2018 3665 qua
2042 3611 2179 3665 parte
2204 3601 2324 3665 ripae
2350 3600 2630 3664 proximum

1610 3692 1715 3729 erat
1736 3680 2055 3738 descendet-«23
2079 3681 2412 3728 Rauen—Hae
2426 3690 2539 3726 sunt
2556 3692 2630 3724 eo-

1612 3761 1777 3808 dieum
1797 3771 2079 3809 nostrorum
2096 3758 2381 3806 varietates:
2407 3755 2634 3805 Son-honi·

1612 3855 1699 3887 cus
1715 3839 1865 3887 habet
1881 3838 2084 3885 Pontius
2106 3853 2203 3900 quo
2223 3836 2380 3884 minus
2402 3835 2604 3900 impiger
2611 3851 2633 3891 ,-

1613 3919 1709 3966 viri
1724 3934 1905 3966 nomen
1916 3917 1971 3965 in
1985 3917 2144 3980 Regio
2162 3930 2350 3964 erasum
2367 3926 2469 3975 0³13
2488 3911 2633 3961 mbo

1612 4013 1732 4046 mox
1761 3998 1817 4043 in
1855 4011 1964 4044 voc.
2010 3991 2231 4043 οιὶετοάία
2273 4010 2366 4059 pro
2403 3990 2635 4042 custodia·

1614 4074 1941 4124 consentiunt.
1968 4075 2059 4122 En.
