3000 4717
417 336 662 438 &15:321
938 357 1254 425 LIBER
1314 360 1445 428 IV.
1521 358 1740 426 CAP.
1806 361 1890 426 x.
2389 356 2479 426 25

366 476 696 574 loquium
727 476 1022 547 ‘consule
1047 491 1342 548 evocato
1360 533 1379 566 ,
1395 484 1463 549 si
1476 476 1837 549 solvendae
1853 477 2241 550 obsidionis
2258 504 2485 551 causa

365 594 644 658 venerit
673 592 1078 672 Romanus,
1124 581 1603 660 abducturum
1641 614 1717 659 se
1765 588 1934 659 inde
1990 589 2317 678 Volscos,
2360 591 2477 660 ait.

364 697 725 767 Adversus
740 720 822 767 ea
840 697 1092 768 consul
1108 752 1127 786 ‚
1145 704 1347 769 victis
1359 698 1805 770 conditiones
1826 698 2285 796 accipiendas
2300 726 2477 787 esse,

363 830 510 877 non
519 808 914 899 ferendas,
956 808 1376 908 respondit3
1415 835 1686 907 neque,
1728 825 1811 879 ut
1839 814 2169 879 venerint
2202 807 2311 878 ad
2348 833 2484 906 op·-

354 916 799 1018 pugnandos
836 924 1065 989 socios
1082 920 1356 1017 populi
1384 925 1673 991 romani
1692 943 1822 990 suo
1852 918 2147 989 arbitrio
2165 973 2184 1004 ‚
2206 925 2309 991 ita
2341 919 2486 989 abi-

363 1043 560 1100 turos
574 1029 862 1128 Volscos
877 1055 1021 1101 esse
1031 1086 1045 1099 .
1069 1030 1265 1099 Dedi
1278 1036 1802 1127 imperatorem,
1821 1033 2030 1100 arma
2033 1036 2247 1125 poni,
2253 1028 2485 1123 jubet,

341 1139 664 1228 fiztentes
703 1146 928 1212 victos
969 1165 1046 1211 se
1083 1165 1227 1213 esse
1243 1194 1266 1227 ,
1302 1158 1369 1211 et
1407 1146 1706 1237 imperio
1745 1165 2030 1236 parere.
2068 1140 2304 1211 Aliter
2336 1154 2488 1210 tam

360 1250 790 1324 abeuntibus
840 1277 1062 1348 quam
1126 1252 1574 1322 manentibus
1627 1275 1703 1321 36
1758 1250 2027 1321 hostem
2084 1251 2439 1342 infhnsum
2463 1303 2483 1336 ,

360 1367 748 1431 victoriam
788 1351 1033 1457 potitis
1075 1387 1168 1433 ex
1216 1360 1521 1446 Volscis,
1560 1385 1787 1457 quam
1812 1385 2076 1457 pacem
2115 1361 2434 1462 ⁴infidam
2460 1414 2482 1447 ,

360 1472 666 1541 Romam
726 1471 1134 1544 relaturum.
1177 1472 1457 1543 Volsci²
1497 1473 1831 1567 exiguam
1875 1496 2074 1569 spem
2115 1474 2190 1541 in
2233 1471 2445 1541 armis
2466 1526 2484 1560 ‚

361 1580 497 1650 alia
537 1580 866 1679 undique
915 1582 1220 1653 abscissa
1241 1636 1259 1670 ,
1300 1606 1530 1678 quum
1566 1595 1963 1652 tentassent
1982 1638 2001 1671 ‚
2046 1596 2306 1681 praeter
2354 1606 2483 1650 cae-

360 1702 515 1760 tera
534 1689 833 1766 adversa
850 1694 1012 1763 loco
1043 1716 1340 1788 quoque
1366 1691 1620 1788 iniquo
1641 1690 1732 1761 ad
1751 1716 2073 1789 pugnam
2086 1692 2484 1790 congressi,

363 1800 728 1895 iniquiore
758 1801 849 1872 ad
885 1801 1159 1898 fugam,
1194 1826 1421 1899 quum
1441 1801 1532 1872 ab
1554 1802 1754 1871 omni
1780 1817 1983 1898 parte
2017 1802 2484 1889 caederentur,

360 1910 454 1981 ad
484 1935 734 2007 preces
770 1937 812 1982 a
847 1914 1232 1984 certamine
1263 1913 1487 2002 versi,
1525 1913 1776 1984 dedito
1802 1915 2235 2011 imperatore
2262 1911 2485 1982 tradi-

358 2019 598 2116 tisque
642 2023 886 2110 armis,
926 2021 1060 2098 sub
1083 2019 1111 2063 3
1145 2023 1401 2119 jugum
1440 2025 1667 2109 missi,
1712 2049 1878 2095 cum
1924 2025 2219 2122 singulis
2271 2024 2483 2094 vesti-

357 2133 620 2209 mentis
678 2133 1088 2229 ignominiae
1149 2133 1513 2229 cladisque
1579 2133 1779 2230 pleni
1834 2134 2321 2204 dimittuntur.
2396 2136 2485 2201 Et

359 2264 595 2337 quum
626 2241 822 2318 haud
854 2241 1107 2340 procul
1137 2242 1318 2314 urbe
1337 2244 1652 2322 Tusculo
1682 2244 2209 2332 consedissent,
2242 2257 2483 2314 vetere

358 2352 927 2430 Tusculanorum
946 2354 1116 2423 odio
1139 2353 1450 2425 inermes
1473 2354 1799 2453 oppressi
1826 2353 2184 2425 dederunt
2207 2377 2482 2451 poenaS‚

356 2460 475 2530 vix
520 2462 792 2532 nuntiis
838 2461 1044 2533 caedis
1103 2464 1390 2535 relictis.
1450 2470 1819 2536 Romanus
1867 2463 2116 2536 Ardeae
2163 2462 2483 2534 turbatas

356 2566 709 2639 seditione
739 2595 884 2658 reS‚
911 2573 1357 2670 principibus
1386 2574 1543 2669 ejus
1568 2589 1811 2645 motus
1835 2575 2070 2645 securi
2097 2572 2482 2672 percussiS,

357 2676 720 2775 bonisque
737 2684 768 2731 4
808 2705 1061 2760 eorum
1111 2685 1189 2753 in
1241 2684 1616 2782 publicum
1671 2684 2090 2757 Ardeatium
2137 2682 2441 2755 redactis
2463 2736 2482 2769 ,

356 2793 798 2889 composuit:
824 2791 1336 2890 demptamque
1355 2791 1383 2835 ⁵
1406 2796 1743 2889 injuriam
1763 2794 2242 2889 judicii-tanto
2273 2792 2487 2862 bene-

357 2898 524 2973 ficio
544 2904 797 3001 populi
822 2905 1106 2978 romani
1124 2903 1466 2978 Ardeates
1491 2904 1885 2978 credebant
1903 2930 1921 2991 ;
1937 2904 2217 2974 senatui
2234 2924 2484 2998 super-

360 3038 511 3086 esse
545 3015 820 3113 aliquid
857 3015 949 3087 ad
977 3014 1369 3088 delendum
1408 3015 1714 3115 publicae
1746 3013 2053 3085 avaritiae
2085 3011 2485 3081 monimen-

358 3240 496 3288 malis
520 3242 870 3306 explicat-epra
895 3258 990 3292 uno
1017 3241 1122 3300 die,
1147 3242 1202 3289 in
1223 3258 1376 3292 unum
1466 3240 1559 3302 543
1586 3243 1651 3301 V,
1686 3243 1774 3299 13,
1796 3257 1847 3288 ιι.
1876 3240 2013 3300 631,
2044 3252 2093 3299 7,
2116 3255 2168 3287 n·
2198 3236 2445 3296 253V111
2465 3268 2481 3294 9

359 3318 517 3377 diem,
542 3321 619 3367 vel
638 3322 842 3384 jungere
867 3338 977 3375 cum
1000 3320 1220 3379 aluisset,
1241 3332 1297 3369 ut
1326 3322 1376 3369 in
1466 3321 1559 3380 25,
1582 3337 1633 3369 ιι.
1659 3335 1725 3384 9;
1748 3323 1840 3379 IV,
1866 3336 1959 3379 21,
1985 3335 2036 3367 u·
2066 3334 2165 3378 273
2191 3317 2369 3374 XXII,
2402 3329 2483 3373 11·

364 3397 492 3444 diem
515 3398 675 3443 vivere
698 3411 840 3462 rapto
858 3399 1041 3458 XXII,
1060 3396 1157 3461 39,
1183 3415 1234 3448 ιι.
1255 3401 1306 3449 6.
1463 3417 1515 3449 ιι.
1559 3401 1651 3460 3ος
1685 3401 1821 3460 LVI,
1850 3402 1945 3460 23,
1972 3416 2023 3448 n.
2063 3407 2160 3456 403
2198 3396 2401 3453 XXIV,
2431 3408 2485 3450 13

426 3491 474 3522 α.
508 3474 666 3520 Volsci
690 3476 919 3539 exiguam
942 3494 1100 3543 spem,
1125 3495 1233 3542 quae
1254 3480 1374 3543 ipsis
1465 3482 1776 3539 xxxvm,
1800 3489 1895 3538 ²43
1924 3480 2042 3538 xL,
2068 3494 2158 3537 123
2179 3477 2323 3531 XLI,
2344 3474 2399 3519 '8-

358 3555 543 3617 reliqua
561 3563 611 3600 et
630 3552 679 3598 in
697 3554 844 3601 armis
860 3567 1050 3605 tantum
1066 3558 1226 3621 posita
1246 3569 1374 3618 erat,
1540 3559 1588 3608 3.
1629 3559 1725 3606 Sub
1744 3558 1922 3625 jugum
1958 3558 2117 3614 missi,
2148 3552 2263 3601 vide
2290 3550 2354 3598 ad
2378 3551 2455 3602 ΠΙ
2469 3584 2483 3609 ,

359 3651 507 3699 quum
530 3631 892 3697 tentassent(ut
908 3636 1063 3694 XXI,
1087 3652 1144 3684 12
1161 3654 1177 3695 ς
1194 3639 1376 3697 XLIV,
1466 3639 1558 3697 28,
1586 3653 1636 3684 ιι.
1664 3652 1714 3697 7.
1729 3639 2082 3691 —Bomanus,
2111 3631 2262 3681 scilic.
2286 3628 2485 3687 consul,

361 3714 427 3769 45
438 3749 451 3771 ‚
478 3726 526 3761 et
547 3711 656 3776 aL),
673 3711 780 3760 alia
803 3713 998 3776 quavis,
1014 3715 1150 3764 omni
1163 3716 1372 3780 reliqua,
1466 3731 1575 3780 quae
1597 3730 1698 3769 vox
1714 3715 1882 3767 addita
1898 3717 1955 3767 in
1973 3713 2139 3762 multis
2158 3706 2485 3767 editionibus,

361 3792 548 3840 scilicet
573 3807 660 3856 spe
686 3792 820 3857 (sive
841 3792 975 3856 pacis
996 3793 1102 3839 sive
1122 3792 1274 3857 fugae)
1292 3810 1378 3847 un-
1462 3783 1553 3844 sed
1584 3793 1766 3859 passim
1796 3793 1972 3841 omissa
1999 3802 2087 3839 est.
2116 3788 2298 3839 Confer
2323 3787 2480 3852 princ.

264 3867 269 3872 ’
358 3872 509 3935 dique
528 3871 739 3920 abscissa
748 3891 769 3929 ,-
786 3890 834 3921 v.
854 3872 918 3920 ad
935 3874 1118 3931 XXX,
1143 3873 1202 3919 32
1216 3907 1230 3931 ,
1253 3888 1304 3920 ιι.
1322 3881 1370 3929 4.
1463 3874 1609 3935 hujus
1625 3872 1826 3936 capitis,
1845 3882 1895 3919 et
1911 3871 1975 3919 ad
1991 3870 2197 3919 XXXII
2210 3902 2226 3927 ‚
2256 3884 2277 3914 1
2291 3884 2336 3927 ι,
2354 3865 2408 3917 ιι.
2433 3876 2479 3923 4.

359 3950 480 3998 Alia
499 3950 644 4000 etiam
659 3953 838 4016 passim
855 3953 1086 4001 dicuntur-
1098 3950 1302 4015 reliqua,
1321 3966 1377 4003 ut
1537 3960 1584 4008 4.
1624 3950 1773 3999 Bonis
1804 3966 1969 4030 eorum
1992 3950 2043 3998 in
2060 3948 2312 4015 publicum
2335 3947 2480 3996 reda-

360 4028 431 4083 τὰ
458 4030 543 4101 μὶν
573 4028 726 4097 ἄλλοι,
749 4031 889 4092 ἄλλος
913 4033 1146 4103 στρατὸς,
1179 4043 1271 4082 eto.
1299 4034 1374 4083 Cf.
1464 4030 1582 4088 ctis,
1614 4029 1728 4078 vide
1752 4029 1816 4078 ad
1837 4032 1917 4090 11,
1943 4046 2007 4093 9,
2032 4046 2083 4078 u.
2114 4036 2164 4084 4.

256 4185 261 4190 ἠ
364 4110 423 4173 1,
457 4125 547 4184 ¹²2
570 4127 621 4164 n.
649 4113 706 4185 ⁸}
733 4114 999 4186 11223911.
1027 4114 1210 4186 6511,
1240 4115 1370 4178 3,ἰι.
1537 4112 1584 4161 5.
1608 4113 1865 4184 Demptum
1886 4106 2332 4177 injuriantjudicii‚
2364 4104 2482 4160 vide
