3000 4717
479 293 530 330 A.
557 290 604 331 C.
631 289 855 342 isso—339.

473 352 855 392 u.c.³..-2.³.
937 309 1130 388 ΜΒ.
1192 313 1324 379 1v.
1388 309 1611 378 CAP.
1676 305 1809 378 xl.
1871 304 2050 377 ΧΠ.
2459 331 2546 406 27

427 432 665 508 multu
717 431 1005 503 redacta
1054 429 1146 501 ad
1199 453 1469 528 paucos
1521 443 1706 501 esset
1726 484 1747 518 ‚
1793 425 2080 501 coloni³
2112 453 2202 500 eo
2244 431 2556 527 praesidii

427 568 638 618 causa
664 542 1003 614 adversus
1029 542 1328 614 Volscos
1363 540 1870 614 scriberentur.
1915 546 2070 614 Hoc
2096 540 2331 639 palam
2363 543 2552 615 rela-

425 669 586 726 tum
613 656 695 727 in
719 645 1002 726 tabulas
1019 708 1040 742 ‚
1059 667 1141 724 ut
1165 652 1457 752 plebem
1489 650 1971 749 tribunosque
1997 650 2273 725 falleret
2298 654 2553 748 judicii

425 762 887 838 rescindendi
935 764 1315 836 consilium
1367 764 1631 836 initum
1667 790 1684 832 ε
1727 776 2243 834 consenserant
2280 778 2520 843 autem
2536 819 2558 853 ‚

424 889 509 947 ut
530 928 550 963 ,
577 875 810 948 multo
828 875 984 970 *maj
993 900 1118 954 ore
1153 888 1356 972 parte
1390 874 1803 946 rutulorum
1836 873 2266 946 colonorum
2284 927 2306 962 ‚
2337 898 2558 970 quam

425 1010 895 1061 romanorum
912 1043 931 1077 ‚
961 988 1223 1084 scripta
1238 1042 1259 1076 ‚
1289 1011 1426 1059 nec
1466 1010 1635 1084 ager
1676 985 1868 1057 ullus
1898 984 2378 1073 divideretur,
2420 986 2560 1057 nisi

425 1097 519 1184 is,
548 1097 675 1192 qui
706 1098 1158 1194 interceptus
1196 1097 1472 1192 judicio
1513 1095 1762 1170 infami
1799 1111 1987 1185 erat;
2025 1120 2160 1169 nec
2194 1097 2323 1168 ulli
2352 1096 2557 1193 prius

423 1210 756 1282 Romano
810 1206 914 1280 ibi
935 1261 955 1296 ‚
998 1233 1219 1306 quam
1267 1207 1609 1280 omnibus
1656 1208 1946 1281 Rutulis
1995 1206 2261 1279 divisus
2324 1221 2509 1282 esset
2534 1261 2556 1294 ‚

423 1312 634 1410 gleba
670 1316 816 1388 ulla
853 1319 1004 1414 agri
1040 1318 1560 1415 assignaretur:
1603 1318 1703 1390 sic
1740 1341 1909 1414 ager
1940 1315 2033 1387 ad
2064 1317 2407 1390 Ardeates
2441 1343 2560 1391 re-

424 1423 572 1496 diit.
632 1429 1013 1502 Triumviri
1079 1427 1173 1499 ad
1242 1428 1606 1500 coloniam
1679 1424 1989 1502 Ardeam
2059 1425 2559 1502 deducendam

426 1539 647 1609 creati
663 1541 978 1638 Agrippa
1000 1540 1419 1626 Menenius,
1444 1543 1525 1609 T.
1547 1538 1845 1610 Cloelius
1873 1537 2184 1628 Siculus,
2214 1543 2313 1610 M.
2336 1537 2555 1612 AEbu-

423 1648 569 1719 tius
628 1649 802 1722 Elva
839 1677 856 1722 :
916 1652 1045 1748 qui
1063 1705 1083 1738 ‚
1136 1674 1270 1747 per
1323 1649 1620 1722 minime
1675 1650 2029 1748 populare
2079 1650 2558 1724 ministerium

424 1782 599 1855 agro
639 1760 1066 1857 assignando
1102 1762 1308 1834 sociis
1325 1815 1344 1851 ,
1386 1787 1608 1860 quem
1630 1762 1949 1860 populus
1973 1785 2318 1834 romanus
2342 1785 2557 1833 suum

426 1866 814 1961 judicasset
830 1925 851 1959 ‚
881 1896 1109 1967 quum
1137 1870 1427 1969 plebem
1455 1871 1960 1963 offendissent,
1989 1898 2084 1946 ne
2115 1870 2557 1971 primoribus

425 1978 769 2075 quidem‘*
805 1985 1098 2066 Patrum
1140 1983 1309 2056 satis
1343 1985 1655 2082 accepti,
1691 1982 1895 2082 quod
1927 1982 2107 2054 nihil
2147 1984 2388 2081 gratiae
2424 2006 2554 2054 cu-

419 2089 761 2188 jusquam
800 2091 1191 2183 dederant3
1229 2096 1681 2184 vexationes,
1718 2095 1809 2166 ad
1849 2093 2204 2192 populum
2245 2093 2393 2187 jam
2437 2090 2554 2164 die

426 2197 615 2270 dicta
650 2200 743 2274 ab
777 2200 1092 2276 tribunis
1110 2259 1130 2292 ‚
1168 2205 1411 2278 coloni
1453 2205 1792 2303 adscripti
1830 2201 2277 2278 remanendo
2313 2204 2392 2276 in
2430 2226 2556 2276 co-

423 2309 649 2401 lonia,
677 2337 898 2409 quam
934 2330 1193 2390 testem
1223 2318 1651 2415 integritatis
1683 2317 2121 2414 justitiaeque
2155 2313 2555 2399 habebant,

424 2423 761 2498 vitavere.

520 2537 675 2604 XII.
720 2539 862 2606 Pax
903 2536 1101 2608 domi
1137 2535 1456 2637 forisque
1492 2538 1630 2612 fuit
1646 2593 1666 2628 ‚
1701 2554 1774 2612 et
1810 2539 1986 2628 hoc,
2021 2553 2094 2611 et
2126 2540 2556 2633 insequente

426 2667 655 2729 ann0‚
687 2648 766 2713 C.
806 2647 1021 2715 Furio
1064 2648 1300 2718 Pacilo
1320 2704 1339 2737 ,
1378 2664 1451 2720 et
1486 2655 1586 2720 M.
1631 2652 1911 2748 Papirio
1947 2656 2200 2721 Crasso
2221 2644 2583 2746 consuli--

423 2751 584 2823 bus.
630 2752 850 2844 Ludi,
883 2753 975 2823 ab
1021 2752 1511 2847 decemviris¹‚
1553 2784 1686 2858 per
1727 2761 2201 2831 secessionem
2241 2755 2475 2855 plebis
2515 2780 2555 2825 a

425 2863 755 2940 Patribus
770 2920 790 2955 ‚
828 2892 919 2940 ex
946 2868 1573 2940 senatusconsulto
1603 2870 1755 2940 voti
1771 2923 1793 2957 ‚
1828 2893 1917 2942 eo
1944 2893 2138 2939 anno
2166 2865 2336 2937 facti
2359 2879 2550 2935 sunt.

501 3050 547 3096 3.
577 3049 750 3099 Coloni
764 3066 822 3099 eo
843 3086 857 3100 .
873 3086 888 3100 .
904 3084 918 3099 .
935 3085 948 3099 .
966 3051 1309 3111 scribet-meur,
1330 3051 1382 3101 h.
1401 3070 1445 3101 ο.
1523 3069 1623 3118 por
1639 3053 1949 3102 secessionem
1965 3051 2124 3118 plebis
2152 3067 2188 3100 a
2210 3049 2465 3107 Patribus,
2491 3065 2558 3098 aa·

425 3125 733 3178 mitterentur
748 3130 1027 3201 scribendi,
1046 3143 1104 3181 ut
1119 3134 1187 3192 V,
1204 3140 1271 3189 24
1283 3167 1301 3192 ‚
1321 3148 1372 3181 n.
1394 3150 1443 3182 2.
1534 3134 1947 3183 senatuconsulto
1985 3131 2096 3180 voti
2109 3165 2127 3188 ,
2165 3146 2223 3179 eo
2262 3147 2396 3180 «nno
2415 3129 2556 3194 jacti

427 3205 646 3256 Coloniae
666 3224 769 3256 non
786 3226 956 3259 omnes
978 3211 1174 3261 suerunt
1194 3210 1445 3261 militares.
1534 3225 1661 3262 sunt.
1697 3215 1774 3261 Ita
1797 3213 1851 3260 in
1876 3209 2232 3260 recentioribus
2259 3209 2451 3260 excusis
2474 3209 2551 3258 in·

501 3292 550 3339 4.
584 3287 663 3333 Ne
682 3288 977 3351 primoribus
1009 3290 1205 3353 quidem
1237 3293 1447 3339 Patr-um
1535 3291 1871 3357 ten-pungitur,
1895 3291 2030 3340 undo
2055 3290 2194 3354 aequi
2217 3289 2390 3349 dehet,
2407 3287 2556 3338 ludo·

429 3361 548 3409 sacis
564 3367 773 3428 accepti,
794 3368 945 3431 grati,
971 3369 1109 3432 quod
1125 3368 1254 3418 nihil
1264 3370 1447 3434 gratia

429 3439 715 3505 cnjusqnm
739 3445 999 3504 aeduam,
1026 3448 1163 3512 qnod
1192 3448 1249 3496 in
1279 3448 1443 3497 distri-

430 3517 642 3570 buendis
659 3522 786 3584 agris
803 3524 982 3572 nullius
1000 3527 1339 3576 auctoritatem
1357 3544 1447 3576 seu

431 3600 635 3664 gratiam
672 3601 865 3664 sequuti
899 3615 1057 3652 essent
1070 3637 1087 3664 ‚
1111 3606 1243 3656 haud
1275 3607 1445 3655 favore

431 3680 512 3727 vel
540 3680 751 3728 amicitia
779 3679 983 3742 alicujus
1019 3698 1071 3728 se
1103 3684 1166 3731 ab
1189 3686 1325 3745 justo
1359 3686 1445 3734 ab·

433 3756 550 3805 duci
573 3760 704 3823 passi
729 3770 921 3818 aunt,
948 3759 1131 3809 Stroth.
1170 3763 1353 3812 Confer
1379 3766 1445 3813 ad

408 3827 411 3832 ¹
433 3835 539 3896 111,
566 3837 662 3896 58,
686 3853 737 3886 n.
768 3837 1066 3894 4.--Οοὶο1ιί
1086 3839 1349 3906 adscripti,
1373 3860 1441 3892 ac.

432 3916 680 3965 veteribus
716 3917 919 3967 colonis.
954 3919 1036 3968 Al.
1066 3919 1249 3968 colonis
1261 3957 1277 3980 ,
1308 3923 1444 3985 qnod

433 3995 622 4045 facilius
645 4007 736 4045 est.
761 3998 831 4046 At
857 3998 987 4047 conf.
1010 4000 1163 4058 VIII,
1194 4006 1287 4057 ιε,
1314 4016 1365 4049 ιι.
1393 4018 1440 4062 7.

503 4074 764 4126 emm
804 4094 848 4127 ι.
883 4078 1012 4127 Ludi
1038 4080 1103 4128 ab
1141 4079 1438 4137 &voravit-ir,

1534 3372 1597 3420 ab
1630 3370 1920 3420 decemviris
1958 3386 2019 3418 eo
2052 3384 2185 3418 anno
2221 3368 2378 3416 facto·
2413 3378 2548 3425 essu

1532 3466 1683 3515 quum
1711 3461 1874 3500 tamen
1911 3450 2011 3497 hoe
2044 3463 2176 3496 anno
2214 3445 2338 3496 nulli
2370 3444 2553 3492 fuerint

1534 3529 1812 3578 decemviri.
1862 3528 2046 3577 Μαίιο
2093 3526 2245 3589 igitur
2294 3521 2553 3586 &tinguit

1530 3606 1900 3658 Drakenborch.
1910 3641 1927 3667 ,
1943 3605 2090 3662 Ludi,
2104 3603 2170 3651 ab
2182 3600 2556 3665 decemvir-ispa

1532 3686 1872 3743 secessionem,
1905 3696 1999 3732 ete.
2014 3718 2030 3743 ,
2045 3725 2048 3730 .
2061 3692 2119 3730 ut
2151 3678 2422 3740 indicetur,
2454 3680 2551 3729 hoe

1533 3780 1663 3813 mo
1688 3764 1843 3812 facto·
1866 3779 1972 3810 esse
1991 3761 2161 3820 ludos,
2181 3758 2293 3824 qni,
2311 3776 2411 3824 quo
2434 3771 2552 3812 tem-

1528 3841 2086 3908 poreplehul’atribus
2098 3852 2384 3899 secesserat,
2404 3856 2574 3890 exse»

1532 3920 1902 3970 namneum-ato
1921 3938 1951 3969 a
1970 3920 2257 3972 decemviris
2274 3921 2381 3970 voti
2394 3929 2545 3972 erant.

1533 4001 1626 4050 En.
1639 4003 1737 4050 Per
1750 3999 2058 4050 secessionem
2065 4000 2223 4066 plubia
2240 4019 2276 4050 a
2292 3998 2546 4054 Patribus,

1532 4079 1646 4129 vide
1672 4079 1735 4129 ad
1759 4083 1836 4139 ΙΙ,
1864 4082 1954 4140 18,
1980 4097 2030 4130 n.
2064 4096 2107 4128 1.
