3000 4717
466 384 518 422 A.
540 380 592 421 C.
619 380 705 434 3²7·

466 439 710 487 um...
912 401 1220 468 LIBER
1273 382 1490 468 vm.
1548 396 1756 466 GAP.
1808 392 2022 460 xlx.
2266 469 2271 475 ,
2373 378 2515 476 473
2585 449 2589 454 .

415 544 639 617 quum
680 519 1200 615 receptaculum
1221 523 1440 617 fugce
1489 523 1908 590 Privernum
1954 509 2290 581 habuerit
2303 560 2325 593 ,
2373 527 2519 576 non

397 635 723 727 patriam
744 629 1033 700 Fundos
1062 659 1083 700 .·
1113 635 1442 700 Priverni
1461 633 1675 725 igitur
1700 625 1930 696 hostes
1940 618 2214 719 populi
2234 618 2523 687 romani

412 738 839 834 quaerendos
862 740 1543 838 persequendosque
1576 761 1759 820 esse,
1813 736 1943 831 qui
1970 725 2193 801 simul
2226 750 2277 796 a
2319 728 2517 794 Fun·

412 845 623 917 danis
658 873 747 918 ac
786 851 1129 921 Romanis
1144 904 1164 936 ,
1201 854 1564 946 utriusque
1586 850 1851 946 patrioe
1886 849 2330 913 immemores
2344 886 2365 918 ,
2399 831 2520 903 de·

386 958 719 1045 fecerint.
756 959 1130 1030 Fundanis
1156 984 1423 1058 pacem
1461 983 1608 1029 esse
1626 1011 1648 1044 ,
1691 970 1761 1026 et
1786 957 2068 1025 animos
2105 966 2443 1018 romanos
2459 936 2514 1027 ⁸,

412 1082 484 1137 et
506 1084 786 1163 gratam
812 1076 1243 1140 memoriam
1274 1085 1593 1166 acceptas·
1625 1065 1920 1137 civitatis
1944 1088 1965 1129 .·
1996 1081 2210 1131 orare
2242 1077 2318 1125 se
2353 1072 2518 1121 eon·

408 1176 670 1263 sulem,
693 1194 772 1248 ut
790 1177 1059 1252 bellum
1080 1180 1181 1249 ab
1201 1187 1500 1250 innoxio
1503 1174 1793 1277 populo
1812 1172 2169 1243 abstineat
2181 1178 2215 1225 9
2236 1192 2257 1234 .·
2281 1182 2514 1258 agros,

408 1286 650 1357 urbem
666 1342 687 1374 2
748 1291 1055 1387 corpora
1094 1296 1407 1387 ipsorum
1439 1291 1967 1385 conjugumque
2001 1303 2092 1350 ac
2132 1275 2520 1346 liberorum

406 1420 699 1468 suorum
722 1451 741 1481 ,
782 1405 860 1467 in
882 1415 1235 1497 potestate
1257 1398 1530 1497 populi
1559 1400 1846 1468 romani
1887 1416 2064 1476 esse,
2078 1387 2512 1501 futuraqtte·

408 1506 847 1578 Collaudatis
877 1509 1239 1579 Fundanis
1260 1563 1280 1596 ‚
1313 1509 1604 1597 consul,
1636 1505 2003 1600 literisque
2027 1504 2328 1570 Romam
2360 1511 2520 1613 mis—

405 1616 501 1685 sis
522 1627 607 1704 ¹⁰,
654 1619 730 1687 in
770 1615 1015 1689 officio
1053 1618 1436 1690 Fundanos
1477 1643 1667 1705 esse,
1721 1615 1810 1687 ad
1852 1613 2277 1685 Privernum
2317 1600 2517 1673 flexit

397 1724 565 1797 iter.
605 1728 806 1798 Prius
846 1728 1414 1802 animadversum
1452 1732 1527 1801 in
1558 1753 1684 1801 eos
1701 1783 1720 1816 ‚
1759 1727 1889 1823 qui
1915 1721 2144 1820 capita
2182 1715 2515 1808 conium·

404 1835 622 1906 tionis
658 1835 978 1926 fuerant,
1022 1864 1061 1909 a
1101 1840 1398 1911 consule
1433 1839 1685 1912 scribit
1724 1832 2135 1909 Claudius¹1
2180 1854 2195 1898 τ
2239 1824 2330 1895 ad
2370 1831 2514 1891 tre-

403 1959 657 2017 centos
713 1948 1239 2046 quinquaginta
1291 1976 1379 2021 ex
1439 1949 1831 2044 conjuratis
1886 1944 2166 2041 vinctos
2211 1939 2516 2005 Romam

401 2054 691 2143 missos;
720 2081 1024 2154 eamque
1052 2056 1495 2131 deditionem
1529 2058 1620 2131 ab
1648 2070 1904 2129 senatu
1939 2074 2091 2122 non
2122 2056 2514 2142 acceptam,

405 2224 652 2283 XXVIII,
679 2240 759 2287 19,
779 2242 903 2285 ιι.·ι;
915 2226 1417 2293 judicasseconj.pro
1505 2231 1698 2288 XXIV,
1726 2245 1786 2277 21
1819 2240 1941 2277 extr.
1969 2227 2217 2286 XXVIII,
2234 2229 2339 2287 ⁸14,
2373 2244 2423 2276 ιι.
2454 2229 2513 2290 53

407 2302 663 2354 indicasse.
692 2306 839 2355 conf.
863 2307 965 2363 IX,
992 2319 1051 2368 93
1084 2306 1187 2356 Cie.
1206 2308 1418 2367 Tuse.V‚
1506 2310 1686 2367 XXX,
1713 2309 1778 2356 25
1793 2342 1807 2365 ,
1832 2324 1881 2356 n.
1905 2322 1964 2369 ας
2001 2308 2062 2355 38
2079 2343 2094 2367 ,
2117 2311 2249 2367 n.*1;
2277 2305 2428 2373 legati
2449 2308 2514 2358 ab

405 2398 473 2434 no
499 2396 622 2432 extr.
649 2396 698 2433 et
717 2384 782 2433 sd
804 2385 917 2434 niv.
938 2386 1055 2442 XV,
1080 2402 1101 2433 ι
1126 2398 1249 2436 extr.

477 2462 522 2509 8.
545 2462 748 2508 Animos
765 2479 1015 2521 romanos,
1036 2466 1270 2514 Romanis
1287 2464 1420 2512 dedi-

403 2549 482 2587 tos
508 2550 556 2586 et
576 2540 807 2587 faventes.

474 2632 522 2679 9.
559 2620 631 2678 >Ut
670 2618 846 2666 bellum
887 2620 953 2666 ab
997 2619 1199 2668 imon-io
1230 2622 1417 2683 populo

403 2697 675 2755 abstineat,
707 2696 820 2744 vide
846 2697 910 2744 sd
934 2699 987 2754 1,
1025 2714 1045 2744 ι
1062 2731 1077 2755 ,
1104 2716 1153 2746 n.
1182 2715 1225 2745 1.

478 2791 556 2824 10.
584 2775 848 2842 Literisque
872 2776 1074 2823 Romam
1101 2775 1280 2832 missis,
1309 2775 1415 2824 scil.

402 2855 580 2921 quibus
604 2854 933 2913 indicabatur,
955 2854 1004 2902 in
1030 2854 1193 2922 officio
1219 2855 1418 2903 Funda-

402 2952 492 2983 nos
521 2951 648 2992 esse,
676 2946 733 2982 ut
757 2934 843 2981 lib.
875 2934 1078 2993 XXIII,
1125 2936 1217 2991 48,
1258 2950 1306 2980 n.
1345 2949 1410 2999 ,²3

400 3015 613 3073 XXIX,
644 3030 704 3061 10
730 3030 805 3078 pr.
831 3014 1012 3073 XLIV,
1040 3028 1089 3075 7,
1123 3030 1173 3061 n.
1206 3013 1267 3072 63
1303 3029 1414 3060 nam

404 3092 570 3141 literas
582 3093 783 3150 mittere,
800 3108 890 3141 sen
904 3093 1083 3159 afferre
1098 3093 1241 3142 etiam
1254 3093 1413 3159 simpl.

405 3183 479 3220 est
512 3171 749 3230 seribere,
785 3171 1029 3232 indicare,
1073 3173 1293 3222 nuntiare
1326 3189 1416 3239 per

401 3250 589 3309 literas,
616 3250 696 3298 vel
724 3250 887 3298 literas
915 3251 1136 3311 mittere,
1175 3252 1280 3300 seil.
1320 3252 1417 3300 hoe

402 3328 606 3387 nuntio,
622 3344 708 3375 seu
726 3339 1032 3390 argumento,
1053 3346 1137 3377 seu
1157 3329 1414 3390 mandato,

401 3406 535 3455 unde
553 3405 730 3470 saepius
744 3416 799 3452 ut
814 3406 1047 3468 sequitur,
1064 3423 1112 3454 v.
1134 3423 1178 3454 c.
1199 3424 1305 3472 rap.
1330 3410 1414 3468 23,

399 3486 489 3542 ub.
519 3485 689 3542 XXV,
716 3498 809 3540 υς
838 3484 1094 3542 XXXIII,
1124 3486 1217 3545 28;
1244 3487 1322 3534 vel
1345 3487 1415 3535 in-

399 3563 502 3611 tell.
527 3573 580 3610 ut
599 3563 769 3621 XXV,
790 3569 873 3622 41,
892 3577 941 3609 n.
965 3562 1015 3610 6.
1043 3563 1121 3610 Sic
1142 3574 1191 3612 et
1207 3565 1414 3630 scaphas

397 3641 763 3691 cirvununittere
775 3676 791 3699 ‚
838 3640 989 3688 scilic.
1016 3657 1126 3689 eum
1160 3644 1412 3703 mandato,

401 3732 479 3777 ut,
510 3732 601 3768 etc.
629 3720 836 3777 XXIX,
872 3720 939 3766 25
950 3736 965 3778 ;
998 3718 1139 3767 misso
1175 3722 1413 3770 eaducea-

398 3811 529 3856 tore‚
555 3799 707 3846 seilic-
730 3798 816 3862 qui
834 3796 1017 3847 diceret
1038 3800 1115 3847 vel
1140 3801 1409 3860 nuntiaret,

399 3878 526 3925 velle
559 3893 610 3924 se
642 3878 704 3924 de
719 3891 850 3940 paee
871 3893 1016 3941 agere
1040 3880 1316 3937 XXXVII,
1347 3880 1406 3928 18

397 3968 522 4008 extr.
553 3957 804 4020 proemisso
843 3955 1035 4015 nuntio,
1077 3958 1162 4021 qui
1198 3957 1405 4017 diceret,

396 4051 451 4086 se
460 4035 684 4099 ficturum
698 4071 715 4094 ,
757 4046 849 4082 etc.
876 4037 1079 4094 XXIII,
1112 4052 1171 4097 73
1200 4036 1332 4085 missi
1360 4050 1410 4087 et

399 4114 583 4163 remissi
597 4114 756 4162 nuntii
771 4131 874 4179 seq.
898 4113 1037 4164 infin.
1057 4115 1136 4166 vel
1156 4119 1300 4175 ue11,
1323 4124 1407 4178 473

1507 2387 1781 2436 Alabandis
1807 2398 2069 2444 venerunt,
2104 2388 2208 2435 scil.
2235 2398 2517 2452 precantes,

1508 2478 1563 2513 ue
1586 2478 1799 2530 cogeret,
1836 2476 1928 2514 etc.
1961 2466 2237 2513 XXXVIII
2253 2500 2266 2522 ,
2292 2468 2434 2524 13‚n.
2453 2483 2509 2527 ας

1496 2545 1765 2609 praemisit,
1801 2557 1857 2593 ut
1882 2557 2173 2593 commeatus
2198 2558 2409 2608 paratos
2427 2546 2515 2594 ha·

1505 2625 1886 2682 berentXXVI,
1909 2627 1966 2681 8,
1993 2640 2044 2672 ιι.
2067 2625 2122 2679 8;
2145 2625 2401 2686 XXXVI,
2421 2643 2514 2686 αα,

1505 2716 1558 2747 ιι.
1584 2717 1602 2747 ι
1620 2718 1635 2759 ;
1652 2716 1748 2763 per
1761 2700 2039 2763 provincias
2063 2702 2346 2751 dimiserunt
2362 2721 2521 2754 censo·

1505 2794 1581 2823 res
1594 2813 1608 2833 ,
1672 2788 1726 2824 ut
1767 2777 1941 2824 civium
1989 2777 2245 2841 rifi-meur
2294 2798 2517 2832 numerus

1506 2856 1712 2913 XXIX,
1748 2856 1832 2915 37,
1863 2871 1915 2902 ιι.
1943 2855 1999 2914 5;
2034 2866 2082 2902 et
2106 2856 2176 2902 sic
2203 2858 2380 2919 passim
2407 2862 2517 2909 mit·

1506 2936 1627 2991 tere,
1653 2945 1706 2981 ut
1723 2949 1876 2997 graece
1896 2934 2107 3002 πέμπειν
2145 2932 2280 2997 (vide
2303 2938 2433 2985 Duk.
2456 2939 2519 2986 ad

1500 3012 1729 3077 Thucyd.
1753 3014 1840 3070 IV,
1864 3014 1930 3074 93
1944 3012 1990 3075 ),
2009 3009 2168 3077 simpl.
2191 3012 2371 3061 dicitur
2393 3031 2517 3080 pro:

1499 3088 1654 3139 literis
1671 3126 1685 3150 ,
1708 3107 1793 3139 seu
1818 3091 2002 3140 nuntiis
2024 3091 2182 3139 missis
2198 3090 2414 3158 indicare
2432 3106 2517 3144 aut

1501 3169 1757 3230 mandare,
1782 3181 1837 3218 ut
1855 3172 2000 3228 VIII,
2029 3171 2094 3217 23
2114 3187 2190 3236 pr.
2209 3174 2403 3233 XXIV,
2428 3189 2514 3236 ¹93

1501 3250 1749 3307 XXXIV,
1773 3264 1869 3311 293
1906 3250 2134 3297 XXXVI
2149 3285 2164 3308 ,
2188 3253 2216 3298 8
2238 3264 2361 3300 extr.
2383 3253 2516 3318 apud

1503 3328 1606 3376 Cic.
1624 3326 1686 3374 ad
1708 3328 1813 3375 Att.
1833 3331 1905 3385 11,
1927 3343 1988 3386 ας
2016 3327 2080 3374 sd
2097 3329 2278 3390 Div.V,
2297 3346 2390 3390 203
2413 3335 2513 3389 XI,

1506 3407 1553 3454 8.
1579 3406 1724 3455 conf.
1743 3407 1806 3454 ad
1822 3408 1938 3455 Tne.
1959 3408 2088 3454 Αιιιι.
2110 3408 2259 3466 XIV,
2283 3410 2375 3469 38,
2399 3428 2450 3460 ιι.
2470 3414 2517 3460 3.

1503 3485 1735 3533 Similiter
1754 3486 1959 3532 scribere
1968 3522 1986 3544 ,
2014 3497 2069 3533 ut
2083 3487 2387 3549 XXXVIII,
2423 3492 2486 3557 39
2499 3526 2513 3550 ,

1503 3579 1554 3613 ιι.
1578 3580 1621 3611 1.

1579 3659 1601 3688 1
1615 3658 1658 3692 1.
1677 3643 1851 3691 Scribit
1873 3643 2127 3706 Claudius,
2150 3662 2196 3692 v.
2217 3647 2278 3693 ad
2299 3647 2394 3709 VI,
2423 3657 2485 3706 42
2502 3686 2516 3710 ,

1499 3738 1550 3769 n.
1579 3729 1628 3776 4.
1650 3748 1720 3757 —-
1740 3723 1835 3771 Hic
1859 3723 2053 3771 videtur
2078 3738 2182 3771 esse
2203 3727 2266 3789 Q.
2288 3727 2518 3778 Claudius

1498 3800 1848 3863 Quadrigarius
1862 3836 1877 3861 ,
1914 3803 2112 3866 aequalis
2152 3805 2364 3854 Sisennae
2388 3841 2405 3867 ,
2440 3826 2520 3857 au-

1456 3906 1460 3909 >
1497 3890 1632 3926 etore
1653 3879 1843 3927 Velleio
1856 3915 1871 3938 ,
1893 3882 1942 3927 11
1958 3913 1972 3938 ,
1999 3896 2055 3942 9,
2093 3882 2179 3945 qui
2199 3884 2409 3947 proinde
2428 3886 2515 3938 flo-

1496 3958 1647 4006 ruerit
1661 3958 1872 4025 Syllanis
1885 3961 2201 4023 temporibus.
2219 3964 2377 4025 Hujus
2390 3983 2519 4033 saepe

1495 4038 1715 4086 meminit
1738 4038 1800 4085 A.
1822 4038 2008 4086 Gellius
2025 4075 2039 4097 ,
2070 4057 2126 4088 ac
2144 4043 2394 4105 speciatim
2411 4050 2513 4108 IX,

1503 4118 1583 4177 13,
1606 4116 1768 4166 laudat
1792 4118 1845 4165 in
1872 4134 1932 4166 eo
1964 4118 2233 4184 simplicem
2255 4134 2304 4173 et
2323 4124 2509 4175 incom-
