3000 4717
486 333 536 372 A.
558 332 609 373 C.
634 333 859 387 418-417.

487 394 540 436 U.
555 396 607 435 C.
636 396 859 442 334—335.

908 356 1098 424 LIB.
1152 357 1278 425 IV.
1333 359 1545 426 CAP.
1603 359 1908 426 XLIII.
1963 361 2245 429 XLIV.
2459 360 2546 431 85

430 476 670 574 gando
711 502 908 548 nunc
954 483 1225 565 PatreS‚
1271 503 1466 550 nunc
1511 478 1843 549 tribunos
1890 480 2118 577 plebis
2138 536 2156 569 ‚
2193 480 2555 553 desertam

433 593 914 685 omissamque
934 589 1030 659 ab
1048 588 1452 660 hominibus
1474 587 1998 686 rempublicam
2012 602 2064 680 ⁷,
2084 591 2559 689 deorumpro-

437 697 754 767 videntia
781 722 1096 794 curaque
1121 714 1523 796 exceptam,
1553 695 1998 769 memorabat
2023 702 2420 771 veientibus
2448 708 2557 771 in-

436 807 665 879 duciis
707 824 776 879 et
817 815 1262 898 cunctatione
1287 816 1696 906 AEquorum
1731 825 1939 880 stare.
1998 809 2202 878 Unde
2222 806 2251 850 ⁸
2284 817 2345 878 si
2380 809 2565 905 quid

434 925 751 1015 increpet
775 925 1080 1004 terroris,
1109 925 1260 989 sine
1268 927 1580 1016 patricio
1618 925 2035 1016 magistratu
2052 918 2350 1014 placere
2378 944 2564 988 rem-

421 1026 801 1124 publicam
836 1031 1200 1126 opprimi?
1229 1054 1375 1100 non
1411 1036 1801 1101 exercitum
1819 1084 1838 1115 ,
1869 1053 2016 1098 non
2034 1041 2066 1087 9
2093 1028 2352 1098 ducem
2391 1033 2564 1098 seri-

435 1136 671 1207 bendo
686 1144 1032 1209 exercitui
1042 1142 1235 1211 esse?
1251 1166 1350 1210 an
1369 1138 1559 1211 bello
1574 1145 1903 1211 intestino
1915 1136 2175 1208 bellum
2191 1153 2567 1208 externum

420 1247 1028 1344 propulsatums?
1050 1276 1214 1347 quce
1230 1256 1291 1320 si
1306 1256 1380 1318 in
1400 1275 1624 1320 unum
1649 1255 2097 1329 conveniant,
2120 1253 2255 1317 vix*
2274 1246 2569 1317 deorum

438 1358 734 1451 opibu5‚
769 1366 943 1456 quin
972 1361 1323 1431 obruatur
1347 1384 1651 1428 romana
1680 1382 1789 1426 res
1807 1411 1826 1442 ,
1859 1362 2089 1427 resisti
2093 1381 2334 1452 posse.
2378 1358 2569 1446 Quin

438 1465 573 1550 illi,
605 1470 1022 1540 remittendo
1062 1470 1156 1540 de
1190 1493 1472 1540 summa
1510 1474 1815 1563 quisque
1834 1467 2058 1560 juris,
2090 1465 2342 1534 mediis
2361 1476 2423 1509 ¹⁰
2451 1490 2569 1536 eo-

424 1576 780 1672 palarent
806 1579 1308 1670 concordiam.-
1338 1584 1588 1647 Patres
1604 1631 1625 1662 ,
1646 1576 1998 1673 patiendo
2031 1572 2348 1643 tribanos
2377 1573 2570 1643 mili-

443 1699 592 1756 tum
619 1713 766 1784 pro
812 1690 1216 1760 consulibus
1234 1689 1463 1781 fieri.-
1504 1687 1771 1757 tribuni
1790 1683 2025 1780 plebis
2041 1738 2060 1768 ‚
2096 1710 2239 1754 non
2267 1691 2568 1781 'interce-

438 1795 720 1883 dendo,
764 1822 911 1893 quo
965 1803 1200 1868 minus
1244 1814 1555 1894 quatuor
1601 1810 1988 1892 quaestores
2023 1799 2435 1890 promiscue
2484 1793 2576 1863 de

429 1906 653 2002 plebe
692 1933 782 1978 ae
818 1908 1154 1979 Patribus
1188 1909 1408 1978 libero
1444 1908 1794 2003 szfffiagio
1817 1907 2082 2001 populi
2086 1907 2380 1999 fierent.

542 2021 805 2095 XLIV„
838 2016 1236 2089 Tribunitia
1270 2030 1290 2060 ¹
1337 2019 1655 2115 primum
1712 2017 1999 2086 comitia
2058 2029 2224 2085 sunt
2280 2014 2570 2086 habita:

442 2128 663 2200 creati
706 2126 981 2198 tribuni
1023 2128 1390 2199 consulari.
1432 2140 1788 2225 potestate
1841 2149 2093 2197 omnes
2136 2127 2454 2220 patricii,
2497 2130 2574 2195 L.

444 2237 784 2325 Quintius
823 2239 1292 2310 Cincinnatus
1326 2239 1660 2325 tertium,
1695 2242 1774 2308 L.
1812 2243 1863 2307 F
1871 2238 2111 2307 urius²
2142 2234 2581 2306 Medullinus

449 2345 750 2436 iterum,
792 2353 888 2418 M.
936 2351 1281 2436 Manliu5‚
1322 2354 1400 2419 A.
1452 2350 1922 2446 Sempronius
1974 2349 2362 2424 Atratinus.
2427 2352 2581 2416 Hoc

451 2455 749 2526 tribuno
792 2461 1076 2529 comitia
1120 2474 1558 2556 quaestorum
1611 2457 1925 2539 habente
1951 2513 1969 2546 ‚
2016 2454 2581 2555 petentibusque

450 2564 640 2634 inter
685 2568 960 2662 aliquot
1007 2570 1330 2665 plebeios
1380 2570 1531 2650 filio
1569 2572 1856 2642 Antistii
1904 2568 2179 2640 tribuni
2230 2565 2461 2665 plebis
2512 2580 2586 2634 et

452 2672 673 2745 fratre
705 2677 995 2748 alterius
1029 2678 1303 2749 tribuni
1338 2678 1571 2775 plebis
1608 2684 1766 2750 Sex.
1803 2681 2170 2775 Pompilii,
2206 2702 2341 2748 nec
2378 2690 2585 2773 pote-

451 2799 632 2874 staS‚
671 2811 805 2857 nec
837 2785 1248 2884 suffragatio
1275 2789 1542 2858 horum
1574 2789 1796 2859 valuit
1815 2842 1834 2873 ‚
1868 2790 2047 2882 quin
2068 2841 2086 2875 ,
2116 2810 2436 2881 quorum
2474 2808 2594 2880 pa-

452 2994 615 3044 millus
655 2995 944 3047 dictaturam
980 2997 1369 3057 continuaverit,
1404 3012 1478 3047 se-

453 3075 555 3132 cuti
578 3092 768 3134 sumus,
809 3087 865 3124 ut
898 3080 1089 3125 numeri
1122 3080 1315 3136 saltem,
1356 3093 1481 3140 quos

440 3151 622 3208 ‚Livius
648 3154 713 3210 V,
751 3154 815 3209 54
845 3166 895 3202 et
917 3157 1015 3201 Vll
1034 3188 1047 3211 ,
1082 3154 1171 3212 18,
1214 3162 1481 3210 memorat,

456 3229 722 3288 quadi-eun
767 3233 901 3295 quod
938 3233 1020 3280 alii
1052 3249 1154 3296 non
1177 3232 1329 3295 magis
1364 3245 1477 3294 pro-

459 3304 609 3352 babili
629 3309 815 3357 ratione
827 3344 842 3369 ,
867 3312 1007 3358 annis
1025 3311 1213 3359 scillcet
1231 3310 1349 3362 aliis.
1364 3326 1482 3357 eon-

460 3394 534 3431 tra
554 3384 680 3430 Livii
705 3389 1040 3436 auctoritatem
1065 3389 1191 3444 infra
1211 3390 1313 3447 vi,
1348 3389 1410 3436 35
1435 3398 1485 3435 et

463 3470 525 3517 41
544 3462 802 3523 „insen-tis,
829 3468 1088 3530 perfecere.

536 3558 582 3601 7.
616 3543 973 3605 Rempublicam
1099 3544 1365 3592 veientibus
1413 3545 1485 3591 in-

461 3619 616 3668 duciis
638 3621 782 3686 (vide
812 3638 918 3685 cap.
950 3623 1013 3669 35
1036 3623 1150 3687 pr.)
1175 3634 1335 3680 stare,
1370 3623 1486 3671 vide

442 3697 529 3758 ,ad
555 3702 608 3758 1,
636 3701 664 3747 3
682 3735 697 3759 ,
720 3717 770 3747 ιι.
800 3717 851 3749 2.

536 3780 585 3825 8.
610 3780 773 3836 Unde,
795 3780 857 3827 ab
880 3779 967 3839 iis,
989 3779 1034 3827 si
1049 3779 1173 3843 quid
1189 3780 1390 3826 terroris
1423 3781 1492 3827 in-

459 3845 643 3922 crepet,
661 3871 929 3914 moveatur,
944 3874 1123 3923 propr.⁸
1132 3859 1485 3922 cumatrepitu.

533 3954 583 4001 9.
612 3939 727 3986 Non
759 3939 927 3987 ducem
967 3937 1217 3987 scribendo
1253 3937 1492 3985 exercitui

468 4033 593 4074 esse,
619 4034 664 4065 v.
689 4018 753 4065 ad
772 4020 821 4065 II
838 4053 853 4077 ‚
879 4035 936 4080 9,
957 4034 1004 4065 n.
1028 4018 1157 4067 5.-
1174 4017 1272 4064 Vix
1292 4016 1493 4064 deorum

1647 3011 1725 3046 ιο.
1743 2995 1915 3045 Mediis
1937 2994 1958 3056 (
1967 2991 2027 3044 al.
2049 2991 2292 3056 remediis)
2309 2989 2595 3054 copularent

1569 3076 1881 3119 concordiam
1894 3083 1962 3119 sc.
1983 3070 2224 3130 consiliis,
2248 3070 2492 3133 utrimque
2505 3070 2593 3118 ali-

1572 3151 1689 3215 quid
1717 3150 2063 3208 concedend03
2090 3150 2203 3198 vide
2222 3150 2319 3197 adl
2336 3180 2351 3208 9
2367 3152 2427 3197 32
2446 3179 2460 3205 ,
2480 3166 2530 3196 ιι.
2545 3149 2593 3196 5.

1644 3230 1764 3279 Cu.
1794 3231 1973 3278 XLIV.
2010 3246 2051 3279 ι.
2087 3228 2356 3277 Tribunitia
2380 3228 2597 3293 primum

1573 3309 1770 3357 comicia
1783 3319 1895 3357 sunt
1907 3308 2076 3356 habita
2087 3343 2101 3364 ,
2127 3308 2304 3356 deinde
2319 3307 2594 3369 quaestoria.

1644 3405 1692 3435 α.
1740 3391 1795 3435 L.
1840 3388 2011 3436 Furius
2058 3385 2353 3433 Medullinus
2390 3386 2562 3431 iterum
2575 3420 2592 3442 ,

1572 3467 1686 3516 vide
1709 3466 1819 3515 Ind.
1843 3494 1907 3503 -
1930 3468 1990 3513 A.
2010 3463 2314 3527 Sempronius
2341 3462 2597 3509 Atratinus

1572 3547 1777 3602 iterum3
1806 3544 1920 3592 vide
1942 3560 2048 3607 cap.
2071 3544 2135 3589 35
2162 3553 2209 3588 et
2229 3549 2311 3598 47.
2332 3537 2483 3585 Filius
2506 3540 2600 3587 fuit

1574 3627 1631 3673 L.
1660 3623 1934 3684 Sempronii
1957 3622 2070 3676 Cos.
2095 3619 2237 3683 (vide
2262 3617 2352 3674 IV,
2380 3632 2406 3674 7
2421 3651 2435 3673 ,
2461 3633 2511 3663 n.
2533 3617 2599 3682 8)

1578 3714 1627 3750 et
1651 3716 1808 3764 nepos
1834 3703 1895 3747 A.
1925 3696 2200 3761 Sempronii
2220 3695 2296 3742 bis
2320 3695 2431 3741 Cos.
2456 3694 2599 3759 (vide

1579 3783 1656 3840 11,
1686 3794 1746 3825 21
1767 3811 1782 3835 ,
1807 3794 1857 3824 n.
1888 3775 1983 3839 34)
2016 3777 2153 3835 cujus
2192 3773 2311 3820 alter
2346 3771 2476 3820 filius
2507 3775 2602 3822 fuit

1582 3860 1645 3906 A.
1674 3854 1991 3918 Sempronius
2014 3851 2161 3919 (vide
2186 3853 2275 3909 IV,
2298 3851 2361 3917 7)
2385 3863 2439 3901 ut
2453 3853 2600 3913 hujus

1580 3936 1636 3985 C.
1657 3933 1973 3998 Sempronius
1988 3966 2002 3991 ‚
2031 3932 2091 3980 de
2110 3947 2208 3995 quo
2229 3931 2340 3980 vide
2358 3948 2478 3980 mox
2496 3933 2602 3996 plu·

1582 4031 1664 4072 ra,
1701 4024 1750 4061 et
1774 4029 1920 4076 supra
1945 4028 2050 4077 cap.
2084 4013 2143 4070 37
2172 4022 2219 4059 et
2248 4018 2331 4067 42.
2357 4013 2483 4059 Mox
2507 4010 2602 4076 suf

459 4095 628 4159 opibus
652 4130 664 4145 .
679 4131 691 4144 .
709 4132 722 4145 .
746 4097 906 4147 resisti
910 4112 1057 4161 posse
1063 4132 1082 4157 ,
1108 4096 1170 4146 cf.
1191 4112 1234 4145 e.
1263 4111 1346 4156 12,
1369 4111 1419 4143 ιι.
1441 4102 1492 4150 4.
1569 4091 1797 4159 fragacio
1826 4102 1899 4143 est
1918 4089 2277 4142 commendatio
2291 4123 2307 4150 ‚
2329 4101 2386 4139 ut
2403 4091 2481 4149 X,
2511 4089 2571 4135 13
2586 4123 2602 4149 ‚
