3000 4717
511 323 598 399 58
1343 334 1415 399 T.
1481 332 1757 400 mvn
2233 373 2245 386 -
2315 309 2567 420 31‘021‘332:

506 472 671 547 pars
709 450 1019 520 militum
1044 463 1417 546 portarum
1439 453 1781 522 stationes
1807 447 2131 538 firmant3
2160 472 2323 547 pars
2352 471 2620 521 corona

505 559 774 630 vallum
834 561 1152 656 cing-unt.
1199 564 1284 630 In
1339 561 1581 653 alteris
1625 561 1816 659 apud
1854 560 2277 630 dictatorem
2328 559 2570 630 castris
2598 614 2617 648 ‚

507 694 656 766 quo
682 671 922 740 minus
949 671 1304 743 tumultus
1331 685 1435 743 est
1457 729 1476 762 ‚
1507 697 1593 743 eo
1611 672 1772 769 plus
1793 670 2381 741 animadvertitur
2401 725 2420 755 ,
2441 670 2619 766 quid

507 800 691 876 opus
710 777 897 850 facto
924 779 1016 849 sit
1048 808 1065 850 ε
1103 783 1319 852 misso
1349 782 1713 880 extemplo
1740 781 1827 852 ad
1861 795 2085 851 castra
2113 779 2435 850 subsidio
2454 835 2473 869 ‚
2504 782 2620 850 cui

508 894 626 986 Sp.
651 890 1057 968 Postumius
1082 890 1306 963 Albus
1335 893 1610 989 legatus
1637 890 2056 990 praeficitur,
2089 892 2241 988 ipse
2270 905 2476 990 parte
2511 913 2622 959 co·
2705 963 2710 966 ,

502 1001 786 1096 piarum
818 1023 1040 1097 parvo
1075 1002 1377 1072 circuitu
1406 1003 1649 1073 locum
1680 1003 1988 1073 maxime
2021 1007 2376 1072 secretum
2397 1000 2489 1071 ab
2516 1015 2621 1070 tu-

504 1108 743 1179 multu
778 1111 956 1206 petit
977 1165 996 1198 ‚
1028 1110 1227 1182 unde
1271 1133 1360 1183 ex
1405 1137 1543 1184 nec
1595 1115 1893 1210 opinato
1937 1108 2310 1183 aversum6
2337 1113 2620 1182 hostem

505 1219 808 1290 invadat.
838 1225 925 1312 Q.
967 1222 1357 1320 Sulpicium
1396 1223 1707 1321 legatum
1733 1221 2031 1321 praeficit
2058 1224 2342 1294 castris:
2380 1227 2475 1293 M.
2506 1228 2621 1292 Fa-

501 1327 627 1398 bio
654 1330 891 1427 legato
921 1334 1228 1430 assignat
1249 1334 1530 1432 equites
1553 1361 1572 1424 3
1603 1359 1740 1406 nec
1769 1348 1935 1404 ante
1955 1334 2189 1404 lucem
2208 1357 2500 1403 movere
2518 1333 2624 1427 ju-

501 1437 629 1510 bet
659 1463 953 1511 manum
976 1498 994 1531 ‚
1023 1445 1213 1515 inter
1253 1460 1653 1518 nocturnos
1688 1446 2042 1516 tumultus
2076 1444 2453 1515 moderatu
2486 1441 2619 1512 dis-

502 1546 818 1618 ficilem:
864 1555 1137 1642 omnia,
1180 1579 1341 1650 quae
1376 1556 1491 1627 vel
1544 1557 1723 1628 alius
1765 1559 2157 1655 imperator
2194 1553 2515 1652 prudens
2553 1563 2625 1621 et

503 1657 806 1754 impiger
839 1661 915 1728 in
957 1661 1081 1730 tali
1106 1686 1189 1731 re
1230 1666 1654 1763 praeciperet
1689 1683 2114 1766 ageretque,
2153 1665 2472 1764 praecipit
2504 1687 2620 1732 or-

505 1765 673 1838 dine
704 1783 922 1865 atq-ue
961 1773 1121 1868 agit.
1160 1772 1350 1843 Illud
1388 1778 1727 1846 eximium
1757 1779 2033 1848 consilii
2070 1777 2437 1874 animique
2473 1798 2626 1870 spe-

505 1879 777 1967 cimen,
812 1895 883 1955 et
935 1883 1362 1981 neutiquam
1409 1885 1714 1980 vulgatae
1761 1886 2028 1973 laudis,
2068 1886 2266 1982 quod
2301 1886 2496 1956 ultro
2537 1881 2626 1952 ad

503 1992 995 2088 oppugnanda
1013 2008 1241 2065 castra
1260 1993 1577 2067 hostium
1598 2051 1616 2083 ‚
1646 1995 1843 2066 unde
1864 1997 2139 2089 majore
2159 1996 2440 2089 agmine
2470 2018 2633 2092 pro·

501 2097 729 2173 sectos
759 2104 1211 2201 exploratum
1250 2104 1516 2195 fuerat,
1547 2110 1643 2180 M.
1684 2107 2086 2204 Geganium
2115 2128 2278 2174 cum
2311 2105 2629 2174 cohorti-

501 2210 640 2282 bus
684 2211 976 2285 delectis
1018 2217 1248 2285 misit:
1304 2217 1465 2311 qui,
1500 2230 1886 2312 postquam
1928 2216 2249 2284 intentos
2297 2212 2632 2283 homines

501 2324 581 2391 in
626 2339 964 2394 eventum
1005 2325 1307 2421 periculi
1349 2327 1602 2414 alieni,
1637 2350 1772 2422 pro
1806 2350 1882 2396 se
1919 2319 2262 2395 incautos*
2285 2321 2633 2420 neglectis

501 2432 758 2529 vigiliis
795 2433 1374 2530 stationibusque
1398 2491 1417 2525 ‚
1448 2450 1555 2507 est
1595 2436 1891 2507 adortus
1912 2491 1931 2524 ‚
1966 2436 2166 2533 prius
2203 2457 2404 2533 paene
2438 2436 2632 2531 cepit

505 2555 769 2628 castra,
796 2566 1014 2637 quam
1054 2548 1459 2643 oppugnari
1491 2546 1736 2618 hostes
1771 2549 1937 2618 satis
1979 2547 2264 2617 scirent.
2305 2543 2485 2616 Inde
2514 2542 2629 2614 fu-

508 2673 629 2718 mo
649 2659 674 2703 ⁷
695 2704 714 2738 ,
747 2664 828 2720 ut
876 2670 1349 2744 convenerat,
1386 2655 1636 2727 datum
1669 2658 1955 2755 signum
1999 2656 2130 2727 ubi
2159 2668 2625 2753 conspectum

504 2759 596 2830 ab
629 2759 977 2834 dictatore
1003 2779 1152 2854 est,
1179 2766 1528 2838 exclamat
1547 2783 1806 2865 ‚capta
1823 2768 2145 2859 hostium
2163 2782 2423 2854 castra,
2453 2787 2631 2836 nun-

500 2872 810 2969 tiarique
849 2877 1117 2972 passim
1137 2876 1369 2971 jubet.

598 2988 928 3060 XXVIII.
969 2992 1059 3060 Et
1090 2987 1240 3083 jam
1286 2987 1738 3076 lucescebat,
1781 2988 2171 3082 omniaque
2222 2979 2388 3058 sub
2405 2948 2631 3058 oculis

503 3108 759 3180 erant3
802 3110 875 3165 et
912 3096 1172 3166 Fabius
1216 3121 1383 3166 cum
1428 3099 1760 3192 equitatu
1797 3099 2154 3194 impetum
2189 3096 2521 3183 dederat,
2560 3103 2633 3165 et

505 3203 754 3272 consul
785 3207 1242 3302 eruptionem
1270 3232 1309 3277 e
1344 3208 1589 3278 castris
1618 3207 1695 3276 in
1731 3207 2054 3305 trepidos
2073 3208 2222 3303 jam
2252 3203 2497 3277 hostes
2527 3202 2629 3276 fe·

506 3325 722 3381 cerat.
762 3315 1085 3384 Dictator
1118 3330 1363 3386 autem
1383 3370 1402 3405 ‚
1438 3332 1646 3413 parte
1673 3317 1900 3387 altera
1935 3317 2251 3389 subsidia
2278 3332 2356 3388 et·
2380 3339 2631 3388 secuu-

501 3533 721 3583 siom'bus
749 3535 941 3583 furtivis
968 3548 1017 3583 et
1038 3537 1217 3604 apertis
1234 3533 1519 3585 latrociniis.
1680 3525 1730 3583 6.
1760 3522 2200 3584 ΑνὲνειιηιἸισπενη
2232 3533 2464 3592 invadat,
2493 3550 2543 3581 v.
2571 3517 2634 3579 aci

505 3611 967 3676 Cf.ad1,4,n.5‚
996 3607 1523 3676 etv'1,13‚n.3.--
1609 3615 1867 3676 V,29,n.
1898 3631 1941 3662 1.

500 3694 648 3742 Misso
688 3697 927 3764 extemplo
966 3693 1043 3743 ad
1070 3708 1233 3743 castra
1273 3694 1521 3754 consulis,
1508 3712 1520 3722 ·
1685 3712 1730 3756 7.
1758 3679 2039 3761 Indefitmo
2069 3693 2237 3740 datum
2262 3691 2475 3755 signum,
2500 3689 2633 3753 quod

504 3788 648 3834 quam
680 3789 850 3821 vocem
881 3773 963 3823 hic
1005 3789 1282 3840 expressam
1322 3789 1522 3837 cupere·
1611 3773 1824 3839 conspici
1839 3785 2047 3838 poterat,
2069 3772 2179 3834 quia
2201 3770 2327 3817 forte
2346 3769 2512 3817 illunis
2531 3784 2634 3816 nox

501 3866 633 3909 mus,
651 3861 706 3898 ut
725 3851 829 3899 sine
850 3868 970 3915 qua,
991 3855 1152 3901 minus
1166 3854 1354 3928 integra
1373 3855 1420 3900 et'
1444 3867 1523 3898 ro·
1613 3864 1741 3914 erat,
1766 3845 1846 3899 νεῖ
1859 3852 2025 3917 potius
2043 3849 2254 3916 primum
2270 3848 2607 3918 crepusculum
2619 3881 2633 3904 ‚

404 3969 409 3976 ,
502 3927 654 3975 tunda
667 3931 893 3993 procedit
907 3934 1080 3980 oratio·
1068 3933 1361 3996 ,praesertim
1378 3947 1528 3996 quum
1618 3931 1696 3979 die
1715 3932 1813 3991 jam
1842 3930 2192 3977 illuscescente.
2225 3927 2369 3977 Conf.
2401 3945 2506 3992 cap.
2533 3941 2634 3989 seq.

505 4007 682 4070 saepius
700 4008 927 4057 hocloco
940 4021 989 4057 et
1007 4011 1224 4058 hostium
1245 4010 1372 4069 dno,
1387 4022 1436 4058 et
1458 4007 1532 4056 di·
1615 4011 1772 4075 princ.
1799 4008 1901 4056 Alii
1920 4024 2013 4071 pro
2018 4006 2166 4073 ficmo
2194 4007 2373 4067 conjic.
2384 4005 2630 4073 flamma,

512 4097 624 4133 ctat.
648 4097 697 4134 et
717 4102 852 4135 cons.
875 4099 1027 4135 castra
1046 4100 1393 4137 memorantur.
1417 4091 1508 4138 En.
1616 4089 1695 4137 vel
1716 4105 1744 4135 e
1765 4102 1949 4135 summo
1968 4121 1981 4142 ‚
2012 4086 2089 4134 vel
2113 4102 2139 4130 e
2165 4085 2364 4132 tumulo.
