3000 4717
2307 344 2355 384 A.
2373 342 2421 383 C.
2446 342 2541 385 38³.

474 354 608 429 252
689 346 694 351 ⁴
1319 360 1394 430 T.
1462 360 1739 434 LIVII
2307 403 2543 458 n.c.369.

470 511 503 546 «
545 481 717 554 belli
748 499 1262 584 exspectemus.
1303 488 1528 559 Simul
1553 486 2128 580 concmeritis⁴,
2164 486 2367 582 quod
2392 489 2599 585 quis-

468 623 503 659 ει
542 619 687 690 que
741 595 989 667 didicit
1030 621 1111 667 ac
1164 601 1570 686 consuevit,
1625 597 1859 672 faciet.
1902 602 2052 669 Vos
2096 597 2433 687 vincetis,
2489 598 2596 669 illi

471 734 504 769 t(
547 704 848 802 fugient.
893 737 926 772 ι)

563 825 752 892 VIII.
792 826 981 892 Dato
1015 820 1279 893 deinde
1313 824 1588 920 sign01,
1635 848 1725 894 ex
1762 847 1956 920 equo
2002 820 2274 910 desilit,
2317 836 2391 892 et
2432 845 2607 918 pro·

467 932 742 1028 ximum
765 929 1218 1029 signiferum,
1251 957 1473 1004 manu
1497 949 1900 1032 arreptum,
1931 958 2173 1004 secum
2198 934 2272 1003 in
2307 932 2591 1022 hostem

468 1044 699 1139 rapit;
740 1044 939 1134 infer,
982 1042 1212 1128 miles,
1255 1043 1636 1116 ⁴clamitans
1658 1099 1677 1133 ,
1714 1051 2019 1142 signum.
2067 1042 2286 1134 Quod
2320 1041 2450 1113 ubi
2489 1039 2591 1112 vi-

463 1154 636 1226 dere
659 1156 896 1253 ipsum
917 1155 1297 1227 Camillum
1310 1211 1329 1244 ,
1347 1156 1495 1251 jam
1514 1155 1605 1226 ad
1623 1181 1927 1227 munera
1948 1156 2274 1253 corporis
2303 1168 2589 1225 senecta

464 1263 895 1354 invalidum,
950 1265 1330 1336 vadentem
1373 1267 1451 1336 in
1484 1266 1728 1338 hostes
1749 1277 1805 1356 ²,
1849 1280 2293 1365 procurrunt
2323 1266 2590 1362 pariter

462 1399 717 1446 omnes
740 1430 759 1464 ,
816 1377 1129 1449 clamore
1172 1375 1458 1448 sublato
1478 1432 1497 1466 ,
1545 1383 1854 1475 Sequere
1906 1383 2404 1473 imperatorem
2453 1399 2588 1472 pro

466 1509 541 1556 se
581 1487 888 1583 quisque
920 1487 1330 1558 clamantes.
1367 1490 1725 1560 Emissum
1754 1489 1969 1559 etiam
2002 1487 2286 1584 signum
2315 1486 2598 1558 Camilli<

459 1594 663 1689 jussu
697 1598 774 1666 in
810 1597 1128 1668 hostiurn
1165 1600 1391 1669 aciem
1425 1598 1702 1688 ferunt3
1744 1599 1967 1695 idque
2001 1612 2082 1669 ut
2110 1610 2587 1695 repeteretur,

461 1705 857 1777 concitatos
904 1708 1431 1804 antesignanos.
1487 1708 1602 1780 Ibi
1651 1710 1969 1807 primum
2013 1708 2306 1806 pulsum
2342 1709 2608 1778 Antia-.

458 1828 605 1885 tem
626 1869 645 1903 ,
678 1829 1177 1916 terroremque
1214 1845 1366 1890 non
1400 1821 1476 1890 in
1508 1822 1814 1917 primam
1849 1821 2384 1891 tantumaciem
2405 1875 2424 1909 ,
2462 1816 2591 1889 sed

460 1926 676 1997 etiam
709 1926 801 1998 ad
837 1926 1301 2001 subsidiarios
1337 1930 1718 2027 perlatum.
1756 1934 1907 2002 Nec
1943 1931 2049 2000 vis
2085 1942 2368 2000 tantum
2404 1927 2590 2027 mffi‘.

460 2049 615 2106 tum
669 2038 1047 2129 movebat,
1109 2041 1421 2112 excitata
1479 2041 1855 2138 praesentia
1911 2040 2143 2127 ducis,
2201 2039 2325 2110 sed
2385 2037 2587 2135 quod

457 2148 889 2220 Volscorum
936 2152 1191 2221 animis
1236 2150 1417 2220 nihil
1447 2148 1839 2221 terribilius
1875 2164 2027 2222 erat
2046 2206 2065 2240 ,
2110 2173 2327 2245 quam
2362 2148 2588 2243 ipsius

459 2260 741 2330 Camilli
775 2259 964 2332 forte
999 2259 1241 2331 oblata
1271 2261 1568 2358 species.
1608 2266 1749 2350 Ita,
1786 2284 2244 2359 quocumque
2281 2281 2357 2328 se
2387 2258 2587 2329 intu-

456 2368 685 2459 lisset,
719 2373 1093 2442 victoriam
1127 2395 1371 2443 secum
1406 2371 1604 2442 haud
1637 2370 1930 2443 dubiam
1963 2369 2323 2456 trahebat3
2357 2368 2584 2437 maxi-

455 2503 570 2549 me
597 2479 670 2548 id
699 2479 992 2551 evidens
1018 2480 1185 2570 fuit,
1216 2507 1478 2579 quum,
1505 2482 1582 2553 in
1606 2482 1864 2554 laevum
1891 2508 2150 2572 cornu,
2178 2504 2410 2578 prope
2435 2480 2582 2575 jam

526 2697 576 2744 4.
596 2690 752 2739 Simul
763 2694 1097 2743 concurr-eritis
1108 2729 1122 2752 ‚
1150 2695 1295 2745 simul
1310 2713 1366 2745 ac
1381 2712 1475 2760 pu-

455 2770 733 2831 gnaveritis.

524 2848 647 2900 Cu».
667 2848 810 2899 VIII.
843 2867 887 2900 1.
923 2854 1056 2902 Dato
1089 2854 1264 2903 deinde
1297 2852 1434 2919 signo
1455 2889 1471 2911 ,

452 2928 640 2978 scilieet
660 2946 868 2995 pugnae:
893 2932 1029 2995 quod
1054 2935 1131 2983 vel
1151 2935 1320 2983 vocale
1345 2944 1446 2981 erat
1460 2967 1475 2993 ,

347 3001 358 3012 ⁸
453 3007 682 3069 classico,
705 3011 853 3071 tuba,
880 3012 1138 3072 comibus,
1159 3014 1366 3061 buccina
1381 3047 1396 3072 ,
1421 3011 1480 3059 li-

453 3096 542 3135 tuo
572 3087 764 3147 datum3
786 3089 867 3136 vel
891 3100 1103 3149 mutum,
1128 3092 1293 3140 tunica
1313 3105 1472 3147 mssa,

450 3180 490 3213 s.
513 3168 746 3229 punicea,
769 3170 1050 3219 autvexillo
1069 3186 1214 3234 supra
1229 3170 1474 3233 fastigium

451 3246 672 3309 praetorii
685 3246 737 3294 in
748 3247 884 3295 hasta
896 3260 1097 3298 extento
1111 3264 1123 3297 τ
1140 3249 1271 3297 unde
1287 3249 1476 3313 signum

444 3340 629 3390 pugnae
641 3342 916 3390 proponere
938 3330 1041 3387 IX,
1065 3329 1129 3375 23
1145 3345 1159 3386 ;
1177 3329 1357 3387 XXII,
1380 3326 1467 3383 453

450 3414 500 3451 et
518 3404 756 3452 vex-illum
769 3421 1044 3471 proponere
1067 3406 1200 3470 apud
1227 3406 1351 3455 Caes.
1370 3406 1471 3454 Bel.

443 3483 578 3530 Gall.
601 3485 652 3530 11
665 3517 680 3542 ,
703 3499 795 3543 203
819 3484 935 3533 vide
952 3485 1084 3548 Lips.
1105 3484 1216 3532 Mil.
1234 3500 1358 3533 rom.
1378 3487 1471 3546 IV,

456 3576 519 3610 ιο
545 3573 595 3610 et
626 3578 705 3609 ια.

522 3656 571 3688 2.
594 3641 741 3703 Quod
756 3640 840 3689 ubi
853 3639 1025 3689 videre
1040 3642 1195 3707 ipsum
1209 3641 1471 3704 ,Camillum

379 3766 386 3772 .
448 3719 713 3768 vadentem
740 3721 790 3768 in
815 3719 972 3769 hostes
993 3738 1011 3769 .·
1045 3734 1101 3771 ut
1129 3723 1310 3786 passim
1337 3722 1476 3786 quod

447 3803 591 3851 initio
611 3803 806 3867 periodi
826 3804 905 3851 vel
921 3802 1151 3871 παρέῇαει
1164 3842 1179 3866 ,
1198 3804 1468 3869 velpotius

447 3878 724 3926 transitioni
748 3881 898 3928 servit
917 3893 967 3930 et
990 3882 1054 3929 ad
1074 3881 1365 3930 antecedens
1388 3881 1471 3929 ali-

447 3956 571 4020 quid
608 3958 809 4005 relatum
845 3960 1049 4022 ponitur
1097 3977 1191 4024 pro
1231 3960 1283 4007 in
1328 3975 1424 4023 quo
1445 3994 1461 4016 ,

446 4050 549 4098 qua
588 4035 636 4079 in
672 4050 724 4081 re
735 4069 752 4092 ,
795 4037 870 4083 ad
904 4037 961 4084 id
992 4039 1129 4101 quod
1160 4039 1363 4096 attinet,
1410 4050 1468 4086 ut

415 4111 473 4161 ’ὅ
500 4130 595 4178 pro
626 4115 734 4161 καθ’
755 4111 810 4174 ὅ,
845 4107 917 4164 δι’
936 4116 979 4167 ὅ.
1012 4122 1092 4168 Sic
1119 4122 1263 4169 etiem
1287 4121 1342 4167 in
1367 4120 1463 4168 illis

1565 2696 1704 2759 quod
1738 2695 1808 2753 si,
1844 2693 1982 2759 quod
2017 2693 2140 2749 nisi,
2176 2691 2316 2756 quod
2358 2689 2576 2745 atim,

1565 2776 1704 2840 quod
1737 2760 1910 2840 quani,
1940 2772 2079 2838 quod
2101 2788 2192 2829 ne,
2232 2771 2371 2835 quod
2396 2780 2465 2818 ut.
2499 2768 2576 2817 Cf.

1566 2870 1672 2919 cap.
1704 2870 1754 2915 7,
1789 2871 1839 2901 ιι.
1876 2869 1941 2913 23
1973 2864 2022 2900 et
2062 2851 2296 2908 XXVII,
2335 2865 2385 2908 7,
2425 2865 2476 2895 ιι.
2516 2849 2582 2907 3;

1564 2935 1819 2992 XXVIII,
1851 2934 1900 2992 3,
1918 2949 1967 2979 ιι.
1992 2939 2049 2989 4;
2076 2931 2309 2987 XXXII,
2336 2929 2420 2989 37,
2446 2943 2498 2973 ιι.
2524 2935 2584 2987 4;

1564 3013 1844 3071 XXXVII,
1874 3026 1961 3073 29,
1983 3026 2035 3057 ιι.
2064 3024 2123 3066 23
2157 3010 2327 3064 XLII,
2364 3022 2411 3067 7,
2439 3023 2488 3053 n.
2518 3006 2576 3065 3;

1564 3092 1787 3139 Gronov.
1795 3089 1857 3138 ad
1867 3089 2166 3145 XXXVIII,
2179 3101 2213 3149 9
2225 3104 2239 3146 3
2257 3085 2502 3134 Drakenb.
2516 3083 2579 3131 ad

1564 3171 1797 3228 XXXII,
1829 3168 2091 3229 375XLI,
2125 3180 2214 3227 103
2238 3165 2432 3213 Ernesti
2456 3161 2578 3211 clav.

1565 3249 1671 3297 Cic.
1701 3258 1752 3295 et
1772 3246 2124 3311 Intpp.Virgil.
2144 3244 2334 3292 AEneid.
2358 3246 2431 3302 H,
2465 3250 2578 3298 141.

1563 3326 1795 3374 Similiter
1825 3325 1882 3373 id
1902 3324 2151 3382 πλεονάζει
2175 3327 2440 3384 XXXVI,
2479 3323 2576 3385 26,

1561 3422 1612 3453 ιι.
1639 3422 1690 3466 23
1717 3417 1765 3455 et
1790 3395 2099 3461 XXXVIII,
2124 3418 2184 3465 9,
2213 3418 2262 3452 n.
2286 3402 2343 3462 53
2362 3401 2450 3450 ubi
2465 3399 2582 3448 vide

1562 3486 1783 3533 GronoV.
1805 3485 1891 3548 qui
1914 3494 2076 3532 tamen
2098 3480 2242 3529 simul
2267 3492 2458 3538 monet,
2484 3480 2583 3527 for·

1560 3580 1648 3612 san
1673 3564 1935 3613 delendum
1959 3579 2062 3611 esse
2083 3561 2139 3612 τὸ
2168 3561 2245 3618 id,
2280 3571 2364 3608 eut
2384 3558 2577 3623 legend.

1560 3656 1621 3691 et.
1640 3643 1844 3710 (Confer
1860 3642 1925 3703 ad
1950 3645 2003 3704 1,
2028 3657 2118 3703 19,
2149 3656 2201 3687 n.
2226 3636 2292 3702 1.)
2313 3637 2409 3686 Sed
2427 3635 2577 3685 Drak-

1556 3723 1627 3770 ibi
1653 3723 1718 3771 ad
1743 3723 1800 3771 id
1817 3738 1881 3770 ex
1904 3738 2040 3785 seqq.
2065 3718 2295 3782 intelligit
2318 3729 2375 3764 uc
2395 3732 2447 3764 se
2460 3730 2577 3780 per-

1558 3802 1797 3852 mitterent
1822 3800 2149 3849 Romanis.--
2169 3799 2267 3843 Pro
2295 3811 2348 3843 se
2375 3796 2581 3860 quisque

1557 3882 1851 3937 clamantes,
1876 3879 1991 3927 vide
2018 3877 2081 3925 ad
2106 3879 2160 3935 Ι,
2188 3876 2254 3937 59
2270 3909 2284 3933 ,
2307 3891 2356 3921 ιι.
2384 3877 2429 3921 3.
2451 3874 2582 3921 Mor.

1555 3960 1664 4018 sed,
1690 3976 1790 4024 qua
1806 3958 2085 4006 Volscorum
2107 3954 2282 4004 animis
2301 3952 2429 4000 nihil
2444 3950 2583 3999 cerri-—

1553 4039 1695 4087 bilius
1713 4049 1844 4094 erat,
1863 4033 2010 4099 ipsius
2033 4033 2227 4107 camilli
2245 4065 2257 4079 .
2271 4068 2284 4080 .
2303 4068 2315 4080 .
2330 4067 2341 4080 .
2363 4066 2375 4079 .
2397 4030 2590 4096 specim.

1554 4115 1756 4176 conjicit
1775 4114 2015 4177 Doering.
2091 4111 2095 4115 ’
