<?xml version="1.0" encoding="UTF-8"?>
<!DOCTYPE html PUBLIC "-//W3C//DTD XHTML 1.0 Transitional//EN"
    "http://www.w3.org/TR/xhtml1/DTD/xhtml1-transitional.dtd">
<html xmlns="http://www.w3.org/1999/xhtml" xml:lang="en" lang="en">
 <head>
  <title>
</title>
<meta http-equiv="Content-Type" content="text/html;charset=utf-8" />
  <meta name='ocr-system' content='tesseract 3.04.00' />
  <meta name='ocr-capabilities' content='ocr_page ocr_carea ocr_par ocr_line ocrx_word'/>
</head>
<body>
  <div class='ocr_page' id='page_1' title='image "./titusliviuspata00unkngoog_0430.png"; bbox 0 0 3000 4717; ppageno 0'>
   <div class='ocr_carea' id='block_1_1' title="bbox 2352 362 2588 413">
    <p class='ocr_par' dir='ltr' id='par_1_1' title="bbox 2352 362 2588 413">
     <span class='ocr_line' id='line_1_1' title="bbox 2352 362 2588 413; baseline 0 -14"><span class='ocrx_word' id='word_1_1' title='bbox 2352 362 2399 399; x_wconf 75' lang='lat' dir='ltr'>A.</span> <span class='ocrx_word' id='word_1_2' title='bbox 2421 363 2465 400; x_wconf 87' lang='lat' dir='ltr'>C.</span> <span class='ocrx_word' id='word_1_3' title='bbox 2495 363 2588 413; x_wconf 78' lang='lat'>337.</span> 
     </span>
    </p>
   </div>
   <div class='ocr_carea' id='block_1_2' title="bbox 530 381 2589 470">
    <p class='ocr_par' dir='ltr' id='par_1_2' title="bbox 530 381 2589 470">
     <span class='ocr_line' id='line_1_2' title="bbox 530 381 2589 470; baseline 0.002 -15"><span class='ocrx_word' id='word_1_4' title='bbox 530 381 669 470; x_wconf 70' lang='grc'>436</span> <span class='ocrx_word' id='word_1_5' title='bbox 1371 388 1449 451; x_wconf 78' lang='lat' dir='ltr'>T.</span> <span class='ocrx_word' id='word_1_6' title='bbox 1515 386 1793 454; x_wconf 85' lang='lat' dir='ltr'><strong>LIVII</strong></span> <span class='ocrx_word' id='word_1_7' title='bbox 2352 421 2469 460; x_wconf 73' lang='lat' dir='ltr'>ue.</span> <span class='ocrx_word' id='word_1_8' title='bbox 2493 421 2589 467; x_wconf 53' lang='grc' dir='ltr'>με.</span> 
     </span>
    </p>
   </div>
   <div class='ocr_carea' id='block_1_3' title="bbox 511 502 2712 2985">
    <p class='ocr_par' dir='ltr' id='par_1_3' title="bbox 511 502 2712 2985">
     <span class='ocr_line' id='line_1_3' title="bbox 529 502 2712 600; baseline 0.001 -31"><span class='ocrx_word' id='word_1_9' title='bbox 529 535 562 569; x_wconf 75' lang='lat' dir='ltr'>&lt;c</span> <span class='ocrx_word' id='word_1_10' title='bbox 604 510 869 593; x_wconf 88' lang='lat' dir='ltr'>Roma,</span> <span class='ocrx_word' id='word_1_11' title='bbox 930 502 1237 574; x_wconf 88' lang='lat' dir='ltr'>alterum</span> <span class='ocrx_word' id='word_1_12' title='bbox 1274 528 1360 574; x_wconf 81' lang='lat' dir='ltr'>ex</span> <span class='ocrx_word' id='word_1_13' title='bbox 1408 506 1610 575; x_wconf 90' lang='lat' dir='ltr'>Latio</span> <span class='ocrx_word' id='word_1_14' title='bbox 1661 504 1883 575; x_wconf 87' lang='lat' dir='ltr'>creari</span> <span class='ocrx_word' id='word_1_15' title='bbox 1941 516 2228 600; x_wconf 88' lang='lat' dir='ltr'>oportet</span> <span class='ocrx_word' id='word_1_16' title='bbox 2282 528 2298 571; x_wconf 89' lang='lat'>:</span> <span class='ocrx_word' id='word_1_17' title='bbox 2355 516 2642 572; x_wconf 88' lang='lat' dir='ltr'>senatus</span> <span class='ocrx_word' id='word_1_18' title='bbox 2705 517 2712 524; x_wconf 84' lang='grc'><strong>’</strong></span> 
     </span>
     <span class='ocr_line' id='line_1_4' title="bbox 528 626 2642 711; baseline 0 -31"><span class='ocrx_word' id='word_1_19' title='bbox 528 644 562 680; x_wconf 78' lang='grc' dir='ltr'><strong>α</strong></span> <span class='ocrx_word' id='word_1_20' title='bbox 601 628 882 711; x_wconf 86' lang='lat' dir='ltr'>partem</span> <span class='ocrx_word' id='word_1_21' title='bbox 927 637 1206 709; x_wconf 83' lang='lat' dir='ltr'>aequam</span> <span class='ocrx_word' id='word_1_22' title='bbox 1252 637 1341 683; x_wconf 84' lang='lat' dir='ltr'>ex</span> <span class='ocrx_word' id='word_1_23' title='bbox 1377 628 1686 710; x_wconf 87' lang='lat' dir='ltr'>utraque</span> <span class='ocrx_word' id='word_1_24' title='bbox 1728 626 1941 710; x_wconf 87' lang='lat' dir='ltr'>gente</span> <span class='ocrx_word' id='word_1_25' title='bbox 1988 635 2141 682; x_wconf 88' lang='lat' dir='ltr'>esse</span> <span class='ocrx_word' id='word_1_26' title='bbox 2180 637 2195 679; x_wconf 74' lang='grc' dir='ltr'>ε</span> <span class='ocrx_word' id='word_1_27' title='bbox 2242 634 2470 680; x_wconf 87' lang='lat' dir='ltr'>unum</span> <span class='ocrx_word' id='word_1_28' title='bbox 2508 636 2642 707; x_wconf 87' lang='lat' dir='ltr'>po-</span> 
     </span>
     <span class='ocr_line' id='line_1_5' title="bbox 528 721 2644 821; baseline 0 -32"><span class='ocrx_word' id='word_1_29' title='bbox 528 754 561 788; x_wconf 85' lang='lat'>«</span> <span class='ocrx_word' id='word_1_30' title='bbox 606 724 903 820; x_wconf 83' lang='lat' dir='ltr'>pulum,</span> <span class='ocrx_word' id='word_1_31' title='bbox 960 747 1181 793; x_wconf 90' lang='lat' dir='ltr'>unam</span> <span class='ocrx_word' id='word_1_32' title='bbox 1228 723 1748 821; x_wconf 85' lang='lat' dir='ltr'>rempublicam</span> <span class='ocrx_word' id='word_1_33' title='bbox 1793 721 1950 793; x_wconf 90' lang='lat' dir='ltr'>fieri</span> <span class='ocrx_word' id='word_1_34' title='bbox 1998 748 2013 790; x_wconf 76' lang='lat' dir='ltr'><em>z</em></span> <span class='ocrx_word' id='word_1_35' title='bbox 2060 735 2168 809; x_wconf 90' lang='lat' dir='ltr'>et,</span> <span class='ocrx_word' id='word_1_36' title='bbox 2229 736 2311 790; x_wconf 89' lang='lat' dir='ltr'>ut</span> <span class='ocrx_word' id='word_1_37' title='bbox 2360 721 2644 817; x_wconf 89' lang='lat' dir='ltr'>imperii</span> 
     </span>
     <span class='ocr_line' id='line_1_6' title="bbox 526 831 2644 929; baseline 0 -30"><span class='ocrx_word' id='word_1_38' title='bbox 526 863 559 899; x_wconf 87' lang='lat'>«</span> <span class='ocrx_word' id='word_1_39' title='bbox 600 833 850 905; x_wconf 89' lang='lat' dir='ltr'>eadem</span> <span class='ocrx_word' id='word_1_40' title='bbox 874 833 1077 904; x_wconf 88' lang='lat' dir='ltr'>sedes</span> <span class='ocrx_word' id='word_1_41' title='bbox 1104 835 1192 905; x_wconf 88' lang='lat' dir='ltr'>sit</span> <span class='ocrx_word' id='word_1_42' title='bbox 1211 889 1230 923; x_wconf 87' lang='lat'><strong><em>‚</em></strong></span> <span class='ocrx_word' id='word_1_43' title='bbox 1252 833 1593 929; x_wconf 84' lang='lat' dir='ltr'>idemque</span> <span class='ocrx_word' id='word_1_44' title='bbox 1614 831 1958 904; x_wconf 89' lang='lat' dir='ltr'>omnibus</span> <span class='ocrx_word' id='word_1_45' title='bbox 1978 856 2278 919; x_wconf 86' lang='lat' dir='ltr'>nomen,</span> <span class='ocrx_word' id='word_1_46' title='bbox 2299 833 2644 927; x_wconf 89' lang='lat' dir='ltr'>quoniam</span> 
     </span>
     <span class='ocr_line' id='line_1_7' title="bbox 529 939 2647 1040; baseline -0 -30"><span class='ocrx_word' id='word_1_47' title='bbox 529 975 561 1010; x_wconf 75' lang='grc' dir='ltr'>(ι</span> <span class='ocrx_word' id='word_1_48' title='bbox 601 942 693 1015; x_wconf 90' lang='lat' dir='ltr'>ab</span> <span class='ocrx_word' id='word_1_49' title='bbox 731 944 1071 1014; x_wconf 88' lang='lat' dir='ltr'>alterutra</span> <span class='ocrx_word' id='word_1_50' title='bbox 1108 957 1314 1040; x_wconf 85' lang='lat' dir='ltr'>parte¹</span> <span class='ocrx_word' id='word_1_51' title='bbox 1353 943 1653 1013; x_wconf 87' lang='lat' dir='ltr'>concedi</span> <span class='ocrx_word' id='word_1_52' title='bbox 1691 965 1982 1013; x_wconf 88' lang='lat' dir='ltr'>necesse</span> <span class='ocrx_word' id='word_1_53' title='bbox 2023 955 2164 1026; x_wconf 83' lang='lat' dir='ltr'>est,</span> <span class='ocrx_word' id='word_1_54' title='bbox 2203 939 2404 1036; x_wconf 89' lang='lat' dir='ltr'>quod</span> <span class='ocrx_word' id='word_1_55' title='bbox 2442 939 2647 1009; x_wconf 89' lang='lat' dir='ltr'>utris-</span> 
     </span>
     <span class='ocr_line' id='line_1_8' title="bbox 529 1048 2648 1151; baseline -0.001 -32"><span class='ocrx_word' id='word_1_56' title='bbox 529 1085 562 1119; x_wconf 79' lang='lat'>«</span> <span class='ocrx_word' id='word_1_57' title='bbox 600 1078 748 1151; x_wconf 91' lang='lat' dir='ltr'>que</span> <span class='ocrx_word' id='word_1_58' title='bbox 795 1051 984 1123; x_wconf 90' lang='lat' dir='ltr'>bene</span> <span class='ocrx_word' id='word_1_59' title='bbox 1033 1066 1264 1122; x_wconf 82' lang='lat' dir='ltr'>vertat</span> <span class='ocrx_word' id='word_1_60' title='bbox 1284 1048 1339 1136; x_wconf 81' lang='lat'>³,</span> <span class='ocrx_word' id='word_1_61' title='bbox 1397 1053 1486 1121; x_wconf 84' lang='lat' dir='ltr'>sit</span> <span class='ocrx_word' id='word_1_62' title='bbox 1538 1051 1690 1122; x_wconf 86' lang='lat' dir='ltr'>haec</span> <span class='ocrx_word' id='word_1_63' title='bbox 1744 1074 1914 1119; x_wconf 88' lang='lat' dir='ltr'>sane</span> <span class='ocrx_word' id='word_1_64' title='bbox 1965 1050 2192 1146; x_wconf 84' lang='lat' dir='ltr'>patria</span> <span class='ocrx_word' id='word_1_65' title='bbox 2247 1048 2516 1145; x_wconf 86' lang='lat' dir='ltr'>potior,</span> <span class='ocrx_word' id='word_1_66' title='bbox 2571 1061 2648 1117; x_wconf 91' lang='lat' dir='ltr'>et</span> 
     </span>
     <span class='ocr_line' id='line_1_9' title="bbox 531 1158 2646 1256; baseline 0 -28"><span class='ocrx_word' id='word_1_67' title='bbox 531 1194 563 1229; x_wconf 86' lang='lat'>«</span> <span class='ocrx_word' id='word_1_68' title='bbox 605 1163 910 1234; x_wconf 86' lang='lat' dir='ltr'>Romani</span> <span class='ocrx_word' id='word_1_69' title='bbox 946 1185 1199 1232; x_wconf 89' lang='lat' dir='ltr'>omnes</span> <span class='ocrx_word' id='word_1_70' title='bbox 1243 1184 1607 1233; x_wconf 84' lang='lat' dir='ltr'><strong>vocemur.</strong></span> <span class='ocrx_word' id='word_1_71' title='bbox 1633 1192 1667 1227; x_wconf 66' lang='grc' dir='ltr'>υ</span> <span class='ocrx_word' id='word_1_72' title='bbox 1707 1165 1916 1230; x_wconf 84' lang='lat' dir='ltr'>Forte</span> <span class='ocrx_word' id='word_1_73' title='bbox 1948 1161 2044 1229; x_wconf 90' lang='lat' dir='ltr'>ita</span> <span class='ocrx_word' id='word_1_74' title='bbox 2083 1158 2369 1245; x_wconf 86' lang='lat' dir='ltr'>accidit,</span> <span class='ocrx_word' id='word_1_75' title='bbox 2402 1174 2485 1229; x_wconf 92' lang='lat' dir='ltr'>ut</span> <span class='ocrx_word' id='word_1_76' title='bbox 2517 1183 2646 1256; x_wconf 87' lang='lat' dir='ltr'>pa-</span> 
     </span>
     <span class='ocr_line' id='line_1_10' title="bbox 532 1269 2647 1365; baseline -0.002 -21"><span class='ocrx_word' id='word_1_77' title='bbox 532 1298 685 1344; x_wconf 83' lang='lat' dir='ltr'>rem</span> <span class='ocrx_word' id='word_1_78' title='bbox 735 1270 1014 1343; x_wconf 85' lang='lat' dir='ltr'>ferociae</span> <span class='ocrx_word' id='word_1_79' title='bbox 1055 1270 1273 1365; x_wconf 88' lang='lat' dir='ltr'>hujus</span> <span class='ocrx_word' id='word_1_80' title='bbox 1313 1286 1386 1342; x_wconf 93' lang='lat' dir='ltr'>et</span> <span class='ocrx_word' id='word_1_81' title='bbox 1429 1271 1731 1341; x_wconf 86' lang='lat' dir='ltr'>Romani</span> <span class='ocrx_word' id='word_1_82' title='bbox 1769 1270 2138 1364; x_wconf 75' lang='lat' dir='ltr'>consulem</span> <span class='ocrx_word' id='word_1_83' title='bbox 2180 1274 2250 1338; x_wconf 93' lang='lat' dir='ltr'>T.</span> <span class='ocrx_word' id='word_1_84' title='bbox 2294 1269 2647 1354; x_wconf 84' lang='lat' dir='ltr'>Manlium</span> 
     </span>
     <span class='ocr_line' id='line_1_11' title="bbox 532 1379 2650 1479; baseline -0.002 -26"><span class='ocrx_word' id='word_1_85' title='bbox 532 1383 888 1454; x_wconf 86' lang='lat' dir='ltr'>haberent</span> <span class='ocrx_word' id='word_1_86' title='bbox 926 1409 941 1452; x_wconf 72' lang='grc' dir='ltr'><strong>ε</strong></span> <span class='ocrx_word' id='word_1_87' title='bbox 970 1383 1100 1479; x_wconf 89' lang='lat' dir='ltr'>qui</span> <span class='ocrx_word' id='word_1_88' title='bbox 1128 1381 1309 1453; x_wconf 89' lang='lat' dir='ltr'>adeo</span> <span class='ocrx_word' id='word_1_89' title='bbox 1343 1406 1493 1452; x_wconf 92' lang='lat' dir='ltr'>non</span> <span class='ocrx_word' id='word_1_90' title='bbox 1526 1382 1758 1451; x_wconf 91' lang='lat' dir='ltr'>tenuit</span> <span class='ocrx_word' id='word_1_91' title='bbox 1794 1381 2005 1463; x_wconf 81' lang='lat' dir='ltr'>iram,</span> <span class='ocrx_word' id='word_1_92' title='bbox 2038 1394 2156 1468; x_wconf 87' lang='lat' dir='ltr'>ut,</span> <span class='ocrx_word' id='word_1_93' title='bbox 2196 1380 2263 1450; x_wconf 83' lang='lat' dir='ltr'>si</span> <span class='ocrx_word' id='word_1_94' title='bbox 2290 1393 2487 1449; x_wconf 87' lang='lat' dir='ltr'>tanta</span> <span class='ocrx_word' id='word_1_95' title='bbox 2516 1379 2650 1449; x_wconf 88' lang='lat' dir='ltr'>de—</span> 
     </span>
     <span class='ocr_line' id='line_1_12' title="bbox 532 1488 2649 1590; baseline -0.001 -28"><span class='ocrx_word' id='word_1_96' title='bbox 532 1494 801 1563; x_wconf 83' lang='lat' dir='ltr'>mentia</span> <span class='ocrx_word' id='word_1_97' title='bbox 838 1496 1084 1563; x_wconf 86' lang='lat' dir='ltr'>Patres</span> <span class='ocrx_word' id='word_1_98' title='bbox 1120 1493 1566 1590; x_wconf 86' lang='lat' dir='ltr'>conscriptos</span> <span class='ocrx_word' id='word_1_99' title='bbox 1603 1491 1940 1588; x_wconf 84' lang='lat' dir='ltr'><strong>cepisset,</strong></span> <span class='ocrx_word' id='word_1_100' title='bbox 1981 1503 2063 1559; x_wconf 92' lang='lat' dir='ltr'>ut</span> <span class='ocrx_word' id='word_1_101' title='bbox 2104 1489 2194 1560; x_wconf 93' lang='lat' dir='ltr'>ab</span> <span class='ocrx_word' id='word_1_102' title='bbox 2239 1491 2477 1561; x_wconf 87' lang='lat' dir='ltr'>setino·</span> <span class='ocrx_word' id='word_1_103' title='bbox 2508 1488 2649 1559; x_wconf 92' lang='lat' dir='ltr'>ho-</span> 
     </span>
     <span class='ocr_line' id='line_1_13' title="bbox 530 1600 2650 1700; baseline -0.002 -28"><span class='ocrx_word' id='word_1_104' title='bbox 530 1603 777 1675; x_wconf 68' lang='lat' dir='ltr'>mine‘*</span> <span class='ocrx_word' id='word_1_105' title='bbox 826 1601 1020 1699; x_wconf 85' lang='lat' dir='ltr'>leges</span> <span class='ocrx_word' id='word_1_106' title='bbox 1069 1603 1513 1700; x_wconf 89' lang='lat' dir='ltr'>acciperent,</span> <span class='ocrx_word' id='word_1_107' title='bbox 1560 1600 1795 1699; x_wconf 87' lang='lat' dir='ltr'>gladio</span> <span class='ocrx_word' id='word_1_108' title='bbox 1836 1601 2147 1671; x_wconf 89' lang='lat' dir='ltr'>cinctum</span> <span class='ocrx_word' id='word_1_109' title='bbox 2197 1601 2275 1669; x_wconf 90' lang='lat' dir='ltr'>in</span> <span class='ocrx_word' id='word_1_110' title='bbox 2319 1614 2650 1669; x_wconf 89' lang='lat' dir='ltr'>senatum</span> 
     </span>
     <span class='ocr_line' id='line_1_14' title="bbox 533 1710 2650 1807; baseline 0 -28"><span class='ocrx_word' id='word_1_111' title='bbox 533 1725 922 1780; x_wconf 85' lang='lat' dir='ltr'>venturum</span> <span class='ocrx_word' id='word_1_112' title='bbox 969 1735 1045 1780; x_wconf 91' lang='lat' dir='ltr'>se</span> <span class='ocrx_word' id='word_1_113' title='bbox 1083 1735 1272 1795; x_wconf 79' lang='lat' dir='ltr'>esse,</span> <span class='ocrx_word' id='word_1_114' title='bbox 1313 1710 1550 1807; x_wconf 86' lang='lat' dir='ltr'>palam</span> <span class='ocrx_word' id='word_1_115' title='bbox 1601 1710 1905 1794; x_wconf 87' lang='lat' dir='ltr'>diceret,</span> <span class='ocrx_word' id='word_1_116' title='bbox 1953 1724 2061 1795; x_wconf 86' lang='lat' dir='ltr'>et,</span> <span class='ocrx_word' id='word_1_117' title='bbox 2113 1732 2650 1805; x_wconf 88' lang='lat' dir='ltr'>quemcumque</span> 
     </span>
     <span class='ocr_line' id='line_1_15' title="bbox 533 1817 2648 1914; baseline -0.002 -25"><span class='ocrx_word' id='word_1_118' title='bbox 533 1823 608 1890; x_wconf 91' lang='lat' dir='ltr'>in</span> <span class='ocrx_word' id='word_1_119' title='bbox 643 1821 839 1891; x_wconf 87' lang='lat' dir='ltr'>curia</span> <span class='ocrx_word' id='word_1_120' title='bbox 876 1818 1181 1888; x_wconf 89' lang='lat' dir='ltr'>latinum</span> <span class='ocrx_word' id='word_1_121' title='bbox 1212 1819 1537 1905; x_wconf 86' lang='lat' dir='ltr'>vidisset,</span> <span class='ocrx_word' id='word_1_122' title='bbox 1581 1842 1708 1888; x_wconf 91' lang='lat' dir='ltr'>sua</span> <span class='ocrx_word' id='word_1_123' title='bbox 1749 1840 1968 1887; x_wconf 87' lang='lat' dir='ltr'>manu</span> <span class='ocrx_word' id='word_1_124' title='bbox 2003 1817 2648 1914; x_wconf 81' lang='lat' dir='ltr'>interempturum3</span> 
     </span>
     <span class='ocr_line' id='line_1_16' title="bbox 534 1925 2647 2023; baseline -0.003 -22"><span class='ocrx_word' id='word_1_125' title='bbox 534 1945 634 2015; x_wconf 93' lang='lat' dir='ltr'>et,</span> <span class='ocrx_word' id='word_1_126' title='bbox 674 1952 1062 2000; x_wconf 88' lang='lat' dir='ltr'>conversus</span> <span class='ocrx_word' id='word_1_127' title='bbox 1103 1928 1193 1998; x_wconf 89' lang='lat' dir='ltr'>ad</span> <span class='ocrx_word' id='word_1_128' title='bbox 1240 1927 1697 1999; x_wconf 73' lang='lat' dir='ltr'>simulacrum</span> <span class='ocrx_word' id='word_1_129' title='bbox 1741 1927 1972 1998; x_wconf 83' lang='lat' dir='ltr'>Jovis:</span> <span class='ocrx_word' id='word_1_130' title='bbox 2012 1956 2045 1989; x_wconf 88' lang='lat'>«</span> <span class='ocrx_word' id='word_1_131' title='bbox 2071 1925 2294 2014; x_wconf 87' lang='lat' dir='ltr'>Audi,</span> <span class='ocrx_word' id='word_1_132' title='bbox 2339 1929 2647 2023; x_wconf 82' lang='lat' dir='ltr'>Jupiter,</span> 
     </span>
     <span class='ocr_line' id='line_1_17' title="bbox 533 2033 2705 2134; baseline 0.001 -29"><span class='ocrx_word' id='word_1_133' title='bbox 533 2072 567 2106; x_wconf 86' lang='lat'>«</span> <span class='ocrx_word' id='word_1_134' title='bbox 608 2040 759 2110; x_wconf 85' lang='lat' dir='ltr'>haeo</span> <span class='ocrx_word' id='word_1_135' title='bbox 797 2038 1102 2127; x_wconf 80' lang='lat' dir='ltr'>scelera,</span> <span class='ocrx_word' id='word_1_136' title='bbox 1135 2041 1405 2134; x_wconf 77' lang='lat' dir='ltr'>inquit3</span> <span class='ocrx_word' id='word_1_137' title='bbox 1438 2038 1717 2125; x_wconf 88' lang='lat' dir='ltr'>audite,</span> <span class='ocrx_word' id='word_1_138' title='bbox 1745 2044 1871 2107; x_wconf 87' lang='lat' dir='ltr'>Jus</span> <span class='ocrx_word' id='word_1_139' title='bbox 1902 2043 2196 2134; x_wconf 87' lang='lat' dir='ltr'>Fasque.</span> <span class='ocrx_word' id='word_1_140' title='bbox 2228 2039 2651 2134; x_wconf 87' lang='lat' dir='ltr'>Peregrinos</span> <span class='ocrx_word' id='word_1_141' title='bbox 2697 2033 2705 2039; x_wconf 75' lang='grc'><strong>’</strong></span> 
     </span>
     <span class='ocr_line' id='line_1_18' title="bbox 533 2149 2648 2246; baseline 0.001 -32"><span class='ocrx_word' id='word_1_142' title='bbox 533 2182 565 2215; x_wconf 89' lang='lat'>«</span> <span class='ocrx_word' id='word_1_143' title='bbox 608 2149 940 2234; x_wconf 84' lang='lat' dir='ltr'>consules</span> <span class='ocrx_word' id='word_1_144' title='bbox 985 2164 1058 2220; x_wconf 92' lang='lat' dir='ltr'>et</span> <span class='ocrx_word' id='word_1_145' title='bbox 1109 2150 1570 2246; x_wconf 85' lang='lat' dir='ltr'>peregrinum</span> <span class='ocrx_word' id='word_1_146' title='bbox 1625 2161 1953 2218; x_wconf 87' lang='lat' dir='ltr'>senatum</span> <span class='ocrx_word' id='word_1_147' title='bbox 1998 2149 2075 2216; x_wconf 91' lang='lat' dir='ltr'>in</span> <span class='ocrx_word' id='word_1_148' title='bbox 2120 2161 2283 2235; x_wconf 88' lang='lat' dir='ltr'>tuo,</span> <span class='ocrx_word' id='word_1_149' title='bbox 2328 2149 2648 2243; x_wconf 83' lang='lat' dir='ltr'>Jupiter,</span> 
     </span>
     <span class='ocr_line' id='line_1_19' title="bbox 532 2258 2651 2357; baseline 0 -33"><span class='ocrx_word' id='word_1_150' title='bbox 532 2292 564 2325; x_wconf 85' lang='lat'>«</span> <span class='ocrx_word' id='word_1_151' title='bbox 608 2273 957 2357; x_wconf 86' lang='lat' dir='ltr'>augurato</span> <span class='ocrx_word' id='word_1_152' title='bbox 988 2258 1300 2354; x_wconf 82' lang='lat' dir='ltr'>tempIO,</span> <span class='ocrx_word' id='word_1_153' title='bbox 1338 2272 1587 2355; x_wconf 88' lang='lat' dir='ltr'>captus</span> <span class='ocrx_word' id='word_1_154' title='bbox 1623 2271 1840 2354; x_wconf 89' lang='lat' dir='ltr'>atque</span> <span class='ocrx_word' id='word_1_155' title='bbox 1881 2258 2033 2353; x_wconf 92' lang='lat' dir='ltr'>ipse</span> <span class='ocrx_word' id='word_1_156' title='bbox 2081 2267 2498 2355; x_wconf 76' lang='lat' dir='ltr'>oppressu5‚</span> <span class='ocrx_word' id='word_1_157' title='bbox 2542 2258 2651 2326; x_wconf 77' lang='lat' dir='ltr'>vi-</span> 
     </span>
     <span class='ocr_line' id='line_1_20' title="bbox 532 2365 2649 2440; baseline 0 -6"><span class='ocrx_word' id='word_1_158' title='bbox 532 2400 566 2434; x_wconf 80' lang='lat'>«</span> <span class='ocrx_word' id='word_1_159' title='bbox 608 2393 815 2440; x_wconf 91' lang='lat' dir='ltr'>surus</span> <span class='ocrx_word' id='word_1_160' title='bbox 856 2369 977 2437; x_wconf 78' lang='lat' dir='ltr'>es?</span> <span class='ocrx_word' id='word_1_161' title='bbox 1013 2367 1343 2437; x_wconf 68' lang='lat' dir='ltr'>Haeccine</span> <span class='ocrx_word' id='word_1_162' title='bbox 1377 2365 1641 2436; x_wconf 89' lang='lat' dir='ltr'>foedera</span> <span class='ocrx_word' id='word_1_163' title='bbox 1670 2366 1920 2437; x_wconf 89' lang='lat' dir='ltr'>Tullus</span> <span class='ocrx_word' id='word_1_164' title='bbox 1957 2391 2295 2437; x_wconf 89' lang='lat' dir='ltr'>romanus</span> <span class='ocrx_word' id='word_1_165' title='bbox 2318 2390 2447 2435; x_wconf 84' lang='lat' dir='ltr'>rex</span> <span class='ocrx_word' id='word_1_166' title='bbox 2481 2390 2649 2436; x_wconf 90' lang='lat' dir='ltr'>cum</span> 
     </span>
     <span class='ocr_line' id='line_1_21' title="bbox 534 2475 2650 2573; baseline 0.002 -32"><span class='ocrx_word' id='word_1_167' title='bbox 534 2508 566 2542; x_wconf 73' lang='lat' dir='ltr'>&lt;c</span> <span class='ocrx_word' id='word_1_168' title='bbox 609 2475 899 2548; x_wconf 84' lang='lat' dir='ltr'>Albanis</span> <span class='ocrx_word' id='word_1_169' title='bbox 917 2530 936 2562; x_wconf 85' lang='lat'>‚</span> <span class='ocrx_word' id='word_1_170' title='bbox 968 2476 1295 2573; x_wconf 82' lang='lat' dir='ltr'>patribus</span> <span class='ocrx_word' id='word_1_171' title='bbox 1319 2478 1604 2563; x_wconf 77' lang='lat' dir='ltr'>vestriS,</span> <span class='ocrx_word' id='word_1_172' title='bbox 1633 2477 1903 2562; x_wconf 87' lang='lat' dir='ltr'>Latini,</span> <span class='ocrx_word' id='word_1_173' title='bbox 1930 2476 2079 2547; x_wconf 80' lang='lat' dir='ltr'>haec</span> <span class='ocrx_word' id='word_1_174' title='bbox 2106 2483 2185 2547; x_wconf 92' lang='lat' dir='ltr'>L.</span> <span class='ocrx_word' id='word_1_175' title='bbox 2220 2476 2650 2572; x_wconf 87' lang='lat' dir='ltr'>Tarquinius</span> 
     </span>
     <span class='ocr_line' id='line_1_22' title="bbox 511 2584 2649 2684; baseline 0.002 -33"><span class='ocrx_word' id='word_1_176' title='bbox 511 2617 567 2668; x_wconf 51' lang='lat'>‚«</span> <span class='ocrx_word' id='word_1_177' title='bbox 610 2585 985 2656; x_wconf 87' lang='lat' dir='ltr'>vobiscum</span> <span class='ocrx_word' id='word_1_178' title='bbox 1018 2601 1270 2684; x_wconf 78' lang='lat' dir='ltr'>postea</span> <span class='ocrx_word' id='word_1_179' title='bbox 1302 2584 1520 2657; x_wconf 84' lang='lat' dir='ltr'>fecit?</span> <span class='ocrx_word' id='word_1_180' title='bbox 1545 2591 1714 2659; x_wconf 87' lang='lat' dir='ltr'>Non</span> <span class='ocrx_word' id='word_1_181' title='bbox 1735 2588 1933 2657; x_wconf 89' lang='lat' dir='ltr'>venit</span> <span class='ocrx_word' id='word_1_182' title='bbox 1962 2588 2038 2656; x_wconf 94' lang='lat' dir='ltr'>in</span> <span class='ocrx_word' id='word_1_183' title='bbox 2069 2601 2384 2658; x_wconf 88' lang='lat' dir='ltr'>mentem</span> <span class='ocrx_word' id='word_1_184' title='bbox 2408 2610 2649 2682; x_wconf 85' lang='lat' dir='ltr'>pugna</span> 
     </span>
     <span class='ocr_line' id='line_1_23' title="bbox 534 2694 2646 2794; baseline 0.001 -32"><span class='ocrx_word' id='word_1_185' title='bbox 534 2726 568 2761; x_wconf 86' lang='lat'>«</span> <span class='ocrx_word' id='word_1_186' title='bbox 612 2695 806 2794; x_wconf 86' lang='lat' dir='ltr'>apud</span> <span class='ocrx_word' id='word_1_187' title='bbox 850 2696 1234 2794; x_wconf 66' lang='lat' dir='ltr'>Regillum=</span> <span class='ocrx_word' id='word_1_188' title='bbox 1261 2694 1593 2769; x_wconf 77' lang='lat' dir='ltr'>lacum5?</span> <span class='ocrx_word' id='word_1_189' title='bbox 1631 2696 1812 2767; x_wconf 91' lang='lat' dir='ltr'>adeo</span> <span class='ocrx_word' id='word_1_190' title='bbox 1855 2711 1928 2766; x_wconf 91' lang='lat' dir='ltr'>et</span> <span class='ocrx_word' id='word_1_191' title='bbox 1973 2696 2281 2768; x_wconf 87' lang='lat' dir='ltr'>cladium</span> <span class='ocrx_word' id='word_1_192' title='bbox 2312 2707 2646 2769; x_wconf 78' lang='lat' dir='ltr'>&#39;veterum</span> 
     </span>
     <span class='ocr_line' id='line_1_24' title="bbox 534 2803 2648 2901; baseline 0 -30"><span class='ocrx_word' id='word_1_193' title='bbox 534 2836 571 2871; x_wconf 85' lang='lat'>«</span> <span class='ocrx_word' id='word_1_194' title='bbox 609 2818 1033 2892; x_wconf 83' lang='lat' dir='ltr'>vestrarum,</span> <span class='ocrx_word' id='word_1_195' title='bbox 1054 2819 1126 2875; x_wconf 90' lang='lat' dir='ltr'>et</span> <span class='ocrx_word' id='word_1_196' title='bbox 1144 2804 1671 2875; x_wconf 88' lang='lat' dir='ltr'>beneficiorum</span> <span class='ocrx_word' id='word_1_197' title='bbox 1692 2818 2103 2874; x_wconf 87' lang='lat' dir='ltr'>nostrorum</span> <span class='ocrx_word' id='word_1_198' title='bbox 2127 2830 2429 2901; x_wconf 86' lang='lat' dir='ltr'>ergavos</span> <span class='ocrx_word' id='word_1_199' title='bbox 2443 2803 2648 2876; x_wconf 89' lang='lat' dir='ltr'>obliti</span> 
     </span>
     <span class='ocr_line' id='line_1_25' title="bbox 536 2915 869 2985; baseline -0.006 0"><span class='ocrx_word' id='word_1_200' title='bbox 536 2944 568 2979; x_wconf 76' lang='lat' dir='ltr'>&lt;t</span> <span class='ocrx_word' id='word_1_201' title='bbox 608 2915 869 2985; x_wconf 78' lang='lat' dir='ltr'>estis?»</span> 
     </span>
    </p>
   </div>
   <div class='ocr_carea' id='block_1_4' title="bbox 533 3025 2654 3461">
    <p class='ocr_par' dir='ltr' id='par_1_4' title="bbox 533 3025 2654 3461">
     <span class='ocr_line' id='line_1_26' title="bbox 633 3025 2646 3134; baseline -0.002 -25"><span class='ocrx_word' id='word_1_202' title='bbox 633 3042 749 3109; x_wconf 90' lang='lat' dir='ltr'>VI.</span> <span class='ocrx_word' id='word_1_203' title='bbox 790 3025 1035 3125; x_wconf 85' lang='lat' dir='ltr'>Quum</span> <span class='ocrx_word' id='word_1_204' title='bbox 1070 3037 1385 3108; x_wconf 92' lang='lat' dir='ltr'>consulis</span> <span class='ocrx_word' id='word_1_205' title='bbox 1421 3062 1672 3108; x_wconf 84' lang='lat' dir='ltr'>vocem</span> <span class='ocrx_word' id='word_1_206' title='bbox 1723 3036 2167 3134; x_wconf 84' lang='lat' dir='ltr'>subsequuta</span> <span class='ocrx_word' id='word_1_207' title='bbox 2205 3043 2494 3108; x_wconf 86' lang='lat' dir='ltr'>Patrum</span> <span class='ocrx_word' id='word_1_208' title='bbox 2536 3037 2646 3105; x_wconf 91' lang='lat' dir='ltr'>in-</span> 
     </span>
     <span class='ocr_line' id='line_1_27' title="bbox 536 3143 2649 3242; baseline 0 -28"><span class='ocrx_word' id='word_1_209' title='bbox 536 3144 856 3240; x_wconf 83' lang='lat' dir='ltr'>dignatio</span> <span class='ocrx_word' id='word_1_210' title='bbox 894 3159 1110 3232; x_wconf 86' lang='lat' dir='ltr'>esset,</span> <span class='ocrx_word' id='word_1_211' title='bbox 1154 3146 1488 3242; x_wconf 88' lang='lat' dir='ltr'>proditur</span> <span class='ocrx_word' id='word_1_212' title='bbox 1520 3146 1882 3215; x_wconf 71' lang='lat' dir='ltr'>memoriae</span> <span class='ocrx_word' id='word_1_213' title='bbox 1905 3201 1923 3234; x_wconf 89' lang='lat'>,</span> <span class='ocrx_word' id='word_1_214' title='bbox 1958 3146 2299 3218; x_wconf 86' lang='lat' dir='ltr'>adversus</span> <span class='ocrx_word' id='word_1_215' title='bbox 2327 3143 2649 3216; x_wconf 86' lang='lat' dir='ltr'>crebram</span> 
     </span>
     <span class='ocr_line' id='line_1_28' title="bbox 535 3253 2650 3351; baseline 0 -29"><span class='ocrx_word' id='word_1_216' title='bbox 535 3253 1134 3349; x_wconf 86' lang='lat' dir='ltr'>implorationem.</span> <span class='ocrx_word' id='word_1_217' title='bbox 1167 3253 1386 3324; x_wconf 92' lang='lat' dir='ltr'>deum</span> <span class='ocrx_word' id='word_1_218' title='bbox 1408 3307 1426 3340; x_wconf 88' lang='lat'>‚</span> <span class='ocrx_word' id='word_1_219' title='bbox 1488 3279 1673 3350; x_wconf 90' lang='lat' dir='ltr'>quos</span> <span class='ocrx_word' id='word_1_220' title='bbox 1723 3268 1941 3325; x_wconf 90' lang='lat' dir='ltr'>testes</span> <span class='ocrx_word' id='word_1_221' title='bbox 1991 3253 2344 3325; x_wconf 86' lang='lat' dir='ltr'>foederum</span> <span class='ocrx_word' id='word_1_222' title='bbox 2397 3254 2650 3351; x_wconf 84' lang='lat' dir='ltr'>saepius</span> 
     </span>
     <span class='ocr_line' id='line_1_29' title="bbox 533 3360 2654 3461; baseline 0 -29"><span class='ocrx_word' id='word_1_223' title='bbox 533 3360 969 3433; x_wconf 88' lang='lat' dir='ltr'>invocabant</span> <span class='ocrx_word' id='word_1_224' title='bbox 996 3364 1325 3434; x_wconf 91' lang='lat' dir='ltr'>consules</span> <span class='ocrx_word' id='word_1_225' title='bbox 1343 3417 1362 3449; x_wconf 84' lang='lat'><strong>‚</strong></span> <span class='ocrx_word' id='word_1_226' title='bbox 1386 3388 1640 3435; x_wconf 89' lang='lat' dir='ltr'>vocem</span> <span class='ocrx_word' id='word_1_227' title='bbox 1658 3366 1911 3451; x_wconf 84' lang='lat' dir='ltr'>Annii,</span> <span class='ocrx_word' id='word_1_228' title='bbox 1932 3365 2334 3461; x_wconf 88' lang='lat' dir='ltr'>spernentis</span> <span class='ocrx_word' id='word_1_229' title='bbox 2355 3366 2654 3433; x_wconf 83' lang='lat' dir='ltr'>numina</span> 
     </span>
    </p>
   </div>
   <div class='ocr_carea' id='block_1_5' title="bbox 531 3545 2655 3788">
    <p class='ocr_par' dir='ltr' id='par_1_5' title="bbox 531 3545 2655 3788">
     <span class='ocr_line' id='line_1_30' title="bbox 532 3545 2653 3631; baseline -0.001 -17"><span class='ocrx_word' id='word_1_230' title='bbox 532 3576 663 3614; x_wconf 85' lang='lat' dir='ltr'>creet</span> <span class='ocrx_word' id='word_1_231' title='bbox 683 3583 698 3624; x_wconf 72' lang='grc' dir='ltr'><strong>ς</strong></span> <span class='ocrx_word' id='word_1_232' title='bbox 747 3580 857 3612; x_wconf 81' lang='lat' dir='ltr'>nam</span> <span class='ocrx_word' id='word_1_233' title='bbox 916 3565 1072 3612; x_wconf 81' lang='lat' dir='ltr'>oratio</span> <span class='ocrx_word' id='word_1_234' title='bbox 1113 3545 1335 3612; x_wconf 77' lang='lat' dir='ltr'>turbatur</span> <span class='ocrx_word' id='word_1_235' title='bbox 1368 3565 1548 3614; x_wconf 78' lang='lat' dir='ltr'>affectu</span> <span class='ocrx_word' id='word_1_236' title='bbox 1708 3576 1755 3624; x_wconf 79' lang='grc'>4.</span> <span class='ocrx_word' id='word_1_237' title='bbox 1769 3569 1848 3615; x_wconf 79' lang='lat' dir='ltr'>Ab</span> <span class='ocrx_word' id='word_1_238' title='bbox 1860 3568 2012 3615; x_wconf 81' lang='lat' dir='ltr'>setino</span> <span class='ocrx_word' id='word_1_239' title='bbox 2027 3567 2239 3623; x_wconf 80' lang='lat' dir='ltr'>homine,</span> <span class='ocrx_word' id='word_1_240' title='bbox 2261 3567 2581 3631; x_wconf 79' lang='lat' dir='ltr'>contemptim</span> <span class='ocrx_word' id='word_1_241' title='bbox 2594 3565 2653 3612; x_wconf 89' lang='lat' dir='ltr'>de</span> 
     </span>
     <span class='ocr_line' id='line_1_31' title="bbox 531 3643 2653 3710; baseline -0.001 -17"><span class='ocrx_word' id='word_1_242' title='bbox 531 3644 780 3709; x_wconf 80' lang='lat' dir='ltr'>loquentis</span> <span class='ocrx_word' id='word_1_243' title='bbox 796 3678 811 3703; x_wconf 92' lang='lat'><strong>,</strong></span> <span class='ocrx_word' id='word_1_244' title='bbox 844 3654 899 3690; x_wconf 90' lang='lat' dir='ltr'>ut</span> <span class='ocrx_word' id='word_1_245' title='bbox 918 3653 966 3691; x_wconf 86' lang='lat' dir='ltr'>et</span> <span class='ocrx_word' id='word_1_246' title='bbox 988 3643 1042 3689; x_wconf 84' lang='lat' dir='ltr'>in</span> <span class='ocrx_word' id='word_1_247' title='bbox 1062 3659 1194 3706; x_wconf 82' lang='lat' dir='ltr'>seqq.</span> <span class='ocrx_word' id='word_1_248' title='bbox 1238 3643 1332 3691; x_wconf 83' lang='lat' dir='ltr'>Sed</span> <span class='ocrx_word' id='word_1_249' title='bbox 1356 3643 1548 3692; x_wconf 84' lang='lat' dir='ltr'>videtur</span> <span class='ocrx_word' id='word_1_250' title='bbox 1637 3646 1803 3693; x_wconf 78' lang='lat' dir='ltr'>Annio</span> <span class='ocrx_word' id='word_1_251' title='bbox 1818 3646 1984 3694; x_wconf 84' lang='lat' dir='ltr'>Setino</span> <span class='ocrx_word' id='word_1_252' title='bbox 1997 3681 2011 3704; x_wconf 95' lang='lat'><strong><em>‚</em></strong></span> <span class='ocrx_word' id='word_1_253' title='bbox 2034 3646 2094 3692; x_wconf 90' lang='lat' dir='ltr'>de</span> <span class='ocrx_word' id='word_1_254' title='bbox 2114 3661 2211 3709; x_wconf 85' lang='lat' dir='ltr'>quo</span> <span class='ocrx_word' id='word_1_255' title='bbox 2231 3646 2344 3692; x_wconf 85' lang='lat' dir='ltr'>vide</span> <span class='ocrx_word' id='word_1_256' title='bbox 2362 3662 2470 3710; x_wconf 80' lang='lat' dir='ltr'>cap.</span> <span class='ocrx_word' id='word_1_257' title='bbox 2487 3646 2515 3692; x_wconf 81' lang='lat'>3</span> <span class='ocrx_word' id='word_1_258' title='bbox 2532 3654 2653 3692; x_wconf 82' lang='lat' dir='ltr'>extr.</span> 
     </span>
     <span class='ocr_line' id='line_1_32' title="bbox 532 3723 2655 3788; baseline -0.001 -17"><span class='ocrx_word' id='word_1_259' title='bbox 532 3725 626 3788; x_wconf 83' lang='lat' dir='ltr'>leg.</span> <span class='ocrx_word' id='word_1_260' title='bbox 654 3725 835 3771; x_wconf 76' lang='lat' dir='ltr'>Bomoe.</span> <span class='ocrx_word' id='word_1_261' title='bbox 1637 3724 1906 3781; x_wconf 83' lang='lat' dir='ltr'>——Audice,</span> <span class='ocrx_word' id='word_1_262' title='bbox 1925 3727 2012 3771; x_wconf 80' lang='lat' dir='ltr'>Ius</span> <span class='ocrx_word' id='word_1_263' title='bbox 2025 3727 2232 3788; x_wconf 81' lang='lat' dir='ltr'>Fasque,</span> <span class='ocrx_word' id='word_1_264' title='bbox 2246 3725 2444 3771; x_wconf 83' lang='lat' dir='ltr'>numina</span> <span class='ocrx_word' id='word_1_265' title='bbox 2458 3759 2474 3783; x_wconf 91' lang='lat'>‚</span> <span class='ocrx_word' id='word_1_266' title='bbox 2490 3723 2655 3770; x_wconf 85' lang='lat' dir='ltr'>eadem</span> 
     </span>
    </p>
   </div>
   <div class='ocr_carea' id='block_1_6' title="bbox 521 3798 2657 4182">
    <p class='ocr_par' dir='ltr' id='par_1_6' title="bbox 521 3798 2657 4182">
     <span class='ocr_line' id='line_1_33' title="bbox 606 3798 2657 3866; baseline -0.001 -16"><span class='ocrx_word' id='word_1_267' title='bbox 606 3805 652 3850; x_wconf 80' lang='lat'>3.</span> <span class='ocrx_word' id='word_1_268' title='bbox 685 3800 831 3864; x_wconf 81' lang='lat' dir='ltr'>Quod</span> <span class='ocrx_word' id='word_1_269' title='bbox 846 3798 1057 3863; x_wconf 78' lang='lat' dir='ltr'>utrisque</span> <span class='ocrx_word' id='word_1_270' title='bbox 1079 3801 1197 3847; x_wconf 83' lang='lat' dir='ltr'>bene</span> <span class='ocrx_word' id='word_1_271' title='bbox 1222 3812 1388 3848; x_wconf 64' lang='lat' dir='ltr'>‘vercae</span> <span class='ocrx_word' id='word_1_272' title='bbox 1410 3799 1551 3866; x_wconf 87' lang='lat' dir='ltr'>(vide</span> <span class='ocrx_word' id='word_1_273' title='bbox 1638 3804 1764 3861; x_wconf 82' lang='lat' dir='ltr'>fere,</span> <span class='ocrx_word' id='word_1_274' title='bbox 1799 3818 1907 3864; x_wconf 80' lang='lat' dir='ltr'>quae</span> <span class='ocrx_word' id='word_1_275' title='bbox 1933 3804 1965 3850; x_wconf 88' lang='lat' dir='ltr'><strong>J</strong></span> <span class='ocrx_word' id='word_1_276' title='bbox 1967 3801 2158 3861; x_wconf 79' lang='lat' dir='ltr'>ustitia,</span> <span class='ocrx_word' id='word_1_277' title='bbox 2191 3803 2401 3861; x_wconf 80' lang='lat' dir='ltr'>Astraea,</span> <span class='ocrx_word' id='word_1_278' title='bbox 2416 3802 2657 3859; x_wconf 62' lang='lat' dir='ltr'>«Themis,</span> 
     </span>
     <span class='ocr_line' id='line_1_34' title="bbox 532 3876 2656 3941; baseline 0 -15"><span class='ocrx_word' id='word_1_279' title='bbox 532 3879 595 3926; x_wconf 75' lang='lat' dir='ltr'>ad</span> <span class='ocrx_word' id='word_1_280' title='bbox 615 3882 639 3925; x_wconf 95' lang='lat'>1</span> <span class='ocrx_word' id='word_1_281' title='bbox 652 3913 667 3937; x_wconf 93' lang='lat'>‚</span> <span class='ocrx_word' id='word_1_282' title='bbox 693 3882 758 3926; x_wconf 80' lang='lat'>28</span> <span class='ocrx_word' id='word_1_283' title='bbox 778 3914 792 3936; x_wconf 87' lang='lat'>,</span> <span class='ocrx_word' id='word_1_284' title='bbox 818 3895 868 3926; x_wconf 89' lang='lat' dir='ltr'>n.</span> <span class='ocrx_word' id='word_1_285' title='bbox 895 3876 981 3941; x_wconf 87' lang='lat'>1),</span> <span class='ocrx_word' id='word_1_286' title='bbox 1014 3878 1081 3926; x_wconf 75' lang='lat' dir='ltr'>sit</span> <span class='ocrx_word' id='word_1_287' title='bbox 1104 3878 1209 3925; x_wconf 85' lang='lat' dir='ltr'>lzoec</span> <span class='ocrx_word' id='word_1_288' title='bbox 1234 3895 1352 3925; x_wconf 83' lang='lat' dir='ltr'>sane</span> <span class='ocrx_word' id='word_1_289' title='bbox 1377 3878 1551 3941; x_wconf 76' lang='lat' dir='ltr'>patria</span> <span class='ocrx_word' id='word_1_290' title='bbox 1639 3882 1775 3928; x_wconf 88' lang='lat' dir='ltr'>Dice.</span> <span class='ocrx_word' id='word_1_291' title='bbox 1796 3881 1871 3928; x_wconf 85' lang='lat' dir='ltr'>cf.</span> <span class='ocrx_word' id='word_1_292' title='bbox 1891 3882 1940 3938; x_wconf 88' lang='grc' dir='ltr'>Ι,</span> <span class='ocrx_word' id='word_1_293' title='bbox 1963 3888 2028 3935; x_wconf 72' lang='lat'>24</span> <span class='ocrx_word' id='word_1_294' title='bbox 2049 3890 2097 3927; x_wconf 89' lang='lat' dir='ltr'>et</span> <span class='ocrx_word' id='word_1_295' title='bbox 2122 3882 2182 3928; x_wconf 78' lang='lat'>32</span> <span class='ocrx_word' id='word_1_296' title='bbox 2199 3915 2212 3938; x_wconf 92' lang='lat'>,</span> <span class='ocrx_word' id='word_1_297' title='bbox 2231 3897 2284 3927; x_wconf 79' lang='lat' dir='ltr'>n.</span> <span class='ocrx_word' id='word_1_298' title='bbox 2305 3897 2352 3940; x_wconf 87' lang='lat'>7,</span> <span class='ocrx_word' id='word_1_299' title='bbox 2373 3892 2422 3929; x_wconf 87' lang='lat' dir='ltr'>et</span> <span class='ocrx_word' id='word_1_300' title='bbox 2439 3881 2656 3932; x_wconf 80' lang='lat' dir='ltr'>Brisson.</span> 
     </span>
     <span class='ocr_line' id='line_1_35' title="bbox 521 3956 2312 4022; baseline 0.003 -22"><span class='ocrx_word' id='word_1_301' title='bbox 521 3956 713 4019; x_wconf 83' lang='lat' dir='ltr'>potior,</span> <span class='ocrx_word' id='word_1_302' title='bbox 755 3959 910 4003; x_wconf 82' lang='lat' dir='ltr'>Roma</span> <span class='ocrx_word' id='word_1_303' title='bbox 933 3957 998 4003; x_wconf 80' lang='lat' dir='ltr'>sit</span> <span class='ocrx_word' id='word_1_304' title='bbox 1021 3957 1155 4003; x_wconf 82' lang='lat' dir='ltr'>sedes</span> <span class='ocrx_word' id='word_1_305' title='bbox 1182 3956 1372 4020; x_wconf 80' lang='lat' dir='ltr'>imperii</span> <span class='ocrx_word' id='word_1_306' title='bbox 1395 3958 1550 4004; x_wconf 84' lang='lat' dir='ltr'>fortu-</span> <span class='ocrx_word' id='word_1_307' title='bbox 1641 3958 1702 4006; x_wconf 87' lang='lat' dir='ltr'>de</span> <span class='ocrx_word' id='word_1_308' title='bbox 1723 3959 1934 4006; x_wconf 85' lang='lat' dir='ltr'>Formul.</span> <span class='ocrx_word' id='word_1_309' title='bbox 1960 3962 1984 4005; x_wconf 94' lang='lat'>1</span> <span class='ocrx_word' id='word_1_310' title='bbox 2000 3993 2014 4019; x_wconf 91' lang='lat'>,</span> <span class='ocrx_word' id='word_1_311' title='bbox 2044 3976 2095 4022; x_wconf 86' lang='lat' dir='ltr'>p.</span> <span class='ocrx_word' id='word_1_312' title='bbox 2123 3960 2203 4006; x_wconf 83' lang='lat'>80.</span> <span class='ocrx_word' id='word_1_313' title='bbox 2222 3960 2312 4006; x_wconf 81' lang='lat' dir='ltr'>En.</span> 
     </span>
     <span class='ocr_line' id='line_1_36' title="bbox 530 4034 2656 4102; baseline 0.001 -24"><span class='ocrx_word' id='word_1_314' title='bbox 530 4047 797 4094; x_wconf 79' lang='lat' dir='ltr'>uarumque</span> <span class='ocrx_word' id='word_1_315' title='bbox 822 4046 1096 4082; x_wconf 81' lang='lat' dir='ltr'>nostrarum</span> <span class='ocrx_word' id='word_1_316' title='bbox 1115 4067 1130 4091; x_wconf 91' lang='lat'><strong><em>‚</em></strong></span> <span class='ocrx_word' id='word_1_317' title='bbox 1156 4045 1205 4081; x_wconf 88' lang='lat' dir='ltr'>et</span> <span class='ocrx_word' id='word_1_318' title='bbox 1233 4034 1295 4081; x_wconf 85' lang='lat' dir='ltr'>ab</span> <span class='ocrx_word' id='word_1_319' title='bbox 1321 4051 1401 4093; x_wconf 85' lang='lat' dir='ltr'>ea,</span> <span class='ocrx_word' id='word_1_320' title='bbox 1443 4044 1549 4082; x_wconf 80' lang='lat' dir='ltr'>tan-</span> <span class='ocrx_word' id='word_1_321' title='bbox 1712 4037 1759 4085; x_wconf 86' lang='lat'>5.</span> <span class='ocrx_word' id='word_1_322' title='bbox 1802 4040 1976 4102; x_wconf 77' lang='lat' dir='ltr'>Pugna</span> <span class='ocrx_word' id='word_1_323' title='bbox 2014 4036 2154 4099; x_wconf 83' lang='lat' dir='ltr'>apud</span> <span class='ocrx_word' id='word_1_324' title='bbox 2189 4036 2425 4101; x_wconf 77' lang='lat' dir='ltr'>Regillum</span> <span class='ocrx_word' id='word_1_325' title='bbox 2461 4035 2623 4083; x_wconf 76' lang='lat' dir='ltr'>lacum</span> <span class='ocrx_word' id='word_1_326' title='bbox 2640 4069 2656 4088; x_wconf 88' lang='lat'>,</span> 
     </span>
     <span class='ocr_line' id='line_1_37' title="bbox 530 4110 2150 4182; baseline 0.004 -27"><span class='ocrx_word' id='word_1_327' title='bbox 530 4125 674 4180; x_wconf 75' lang='lat' dir='ltr'>quam</span> <span class='ocrx_word' id='word_1_328' title='bbox 688 4124 716 4155; x_wconf 75' lang='lat' dir='ltr'>a</span> <span class='ocrx_word' id='word_1_329' title='bbox 721 4110 1120 4182; x_wconf 68' lang='lat' dir='ltr'>patria,Romani</span> <span class='ocrx_word' id='word_1_330' title='bbox 1126 4126 1288 4160; x_wconf 82' lang='lat' dir='ltr'>omnes</span> <span class='ocrx_word' id='word_1_331' title='bbox 1303 4128 1546 4159; x_wconf 79' lang='lat' dir='ltr'>vocemur.</span> <span class='ocrx_word' id='word_1_332' title='bbox 1636 4113 1751 4162; x_wconf 82' lang='lat' dir='ltr'>vide</span> <span class='ocrx_word' id='word_1_333' title='bbox 1771 4117 1820 4162; x_wconf 87' lang='lat'>11</span> <span class='ocrx_word' id='word_1_334' title='bbox 1834 4147 1849 4172; x_wconf 88' lang='lat'><strong>,</strong></span> <span class='ocrx_word' id='word_1_335' title='bbox 1879 4129 1940 4175; x_wconf 85' lang='lat'>19</span> <span class='ocrx_word' id='word_1_336' title='bbox 1953 4147 1968 4171; x_wconf 93' lang='lat'>‚</span> <span class='ocrx_word' id='word_1_337' title='bbox 1990 4130 2039 4162; x_wconf 87' lang='lat' dir='ltr'>n.</span> <span class='ocrx_word' id='word_1_338' title='bbox 2065 4130 2150 4162; x_wconf 59' lang='grc' dir='ltr'>πο.</span> 
     </span>
    </p>
   </div>
  </div>
 </body>
</html>
