<?xml version="1.0" encoding="UTF-8"?>
<!DOCTYPE html PUBLIC "-//W3C//DTD XHTML 1.0 Transitional//EN"
    "http://www.w3.org/TR/xhtml1/DTD/xhtml1-transitional.dtd">
<html xmlns="http://www.w3.org/1999/xhtml" xml:lang="en" lang="en">
 <head>
  <title>
</title>
<meta http-equiv="Content-Type" content="text/html;charset=utf-8" />
  <meta name='ocr-system' content='tesseract 3.04.00' />
  <meta name='ocr-capabilities' content='ocr_page ocr_carea ocr_par ocr_line ocrx_word'/>
</head>
<body>
  <div class='ocr_page' id='page_1' title='image "./titusliviuspata00unkngoog_0057.png"; bbox 0 0 3000 4717; ppageno 0'>
   <div class='ocr_carea' id='block_1_1' title="bbox 460 366 2520 490">
    <p class='ocr_par' dir='ltr' id='par_1_1' title="bbox 460 366 2520 490">
     <span class='ocr_line' id='line_1_1' title="bbox 460 366 2520 490; baseline 0.017 -56"><span class='ocrx_word' id='word_1_1' title='bbox 460 366 831 465; x_wconf 58' lang='lat' dir='ltr'><strong>g·‘c³·‘}}}‡‘3‘}{‡</strong></span> <span class='ocrx_word' id='word_1_2' title='bbox 880 386 1185 453; x_wconf 89' lang='lat' dir='ltr'>LIBER</span> <span class='ocrx_word' id='word_1_3' title='bbox 1237 387 1370 454; x_wconf 88' lang='lat' dir='ltr'><strong>IV.</strong></span> <span class='ocrx_word' id='word_1_4' title='bbox 1429 390 1637 458; x_wconf 87' lang='lat' dir='ltr'><strong>CAP.</strong></span> <span class='ocrx_word' id='word_1_5' title='bbox 1690 395 2000 461; x_wconf 90' lang='lat' dir='ltr'><strong>XXIII.</strong></span> <span class='ocrx_word' id='word_1_6' title='bbox 2056 396 2349 464; x_wconf 88' lang='lat' dir='ltr'><strong>XXIV.</strong></span> <span class='ocrx_word' id='word_1_7' title='bbox 2425 397 2520 490; x_wconf 76' lang='grc'><strong>49</strong></span> 
     </span>
    </p>
   </div>
   <div class='ocr_carea' id='block_1_2' title="bbox 401 510 2562 1824">
    <p class='ocr_par' dir='ltr' id='par_1_2' title="bbox 401 510 2562 1824">
     <span class='ocr_line' id='line_1_2' title="bbox 408 510 2519 610; baseline 0.005 -33"><span class='ocrx_word' id='word_1_8' title='bbox 408 523 691 598; x_wconf 84' lang='lat' dir='ltr'><strong>eaetera,</strong></span> <span class='ocrx_word' id='word_1_9' title='bbox 720 522 1071 579; x_wconf 84' lang='lat' dir='ltr'><strong>vetustate</strong></span> <span class='ocrx_word' id='word_1_10' title='bbox 1109 510 1586 605; x_wconf 81' lang='lat' dir='ltr'>incomperta,</span> <span class='ocrx_word' id='word_1_11' title='bbox 1620 512 1768 583; x_wconf 86' lang='lat' dir='ltr'><strong>boc</strong></span> <span class='ocrx_word' id='word_1_12' title='bbox 1802 539 2096 610; x_wconf 87' lang='lat' dir='ltr'><strong>quoque</strong></span> <span class='ocrx_word' id='word_1_13' title='bbox 2133 518 2207 585; x_wconf 90' lang='lat' dir='ltr'><strong>in</strong></span> <span class='ocrx_word' id='word_1_14' title='bbox 2241 518 2519 587; x_wconf 89' lang='lat' dir='ltr'><strong>incerto</strong></span> 
     </span>
     <span class='ocr_line' id='line_1_3' title="bbox 405 619 2520 725; baseline 0.004 -36"><span class='ocrx_word' id='word_1_15' title='bbox 405 621 746 717; x_wconf 90' lang='lat' dir='ltr'><strong>positum.</strong></span> <span class='ocrx_word' id='word_1_16' title='bbox 761 619 1218 717; x_wconf 79' lang='lat' dir='ltr'>Trepidatum</span> <span class='ocrx_word' id='word_1_17' title='bbox 1241 621 1316 689; x_wconf 92' lang='lat' dir='ltr'><strong>in</strong></span> <span class='ocrx_word' id='word_1_18' title='bbox 1330 624 1611 692; x_wconf 86' lang='lat' dir='ltr'><strong>Etruria</strong></span> <span class='ocrx_word' id='word_1_19' title='bbox 1630 638 1736 693; x_wconf 90' lang='lat' dir='ltr'><strong>est</strong></span> <span class='ocrx_word' id='word_1_20' title='bbox 1753 639 1916 720; x_wconf 90' lang='lat' dir='ltr'><strong>post</strong></span> <span class='ocrx_word' id='word_1_21' title='bbox 1929 625 2229 697; x_wconf 80' lang='lat' dir='ltr'>Fidenas</span> <span class='ocrx_word' id='word_1_22' title='bbox 2243 642 2482 725; x_wconf 88' lang='lat' dir='ltr'><strong>captas</strong></span> <span class='ocrx_word' id='word_1_23' title='bbox 2498 683 2520 717; x_wconf 91' lang='lat'><strong>,</strong></span> 
     </span>
     <span class='ocr_line' id='line_1_4' title="bbox 405 730 2517 824; baseline 0.003 -26"><span class='ocrx_word' id='word_1_24' title='bbox 405 754 557 799; x_wconf 93' lang='lat' dir='ltr'><strong>non</strong></span> <span class='ocrx_word' id='word_1_25' title='bbox 589 731 1013 801; x_wconf 84' lang='lat' dir='ltr'><strong>Veientibus</strong></span> <span class='ocrx_word' id='word_1_26' title='bbox 1048 730 1283 800; x_wconf 83' lang='lat' dir='ltr'><strong>solum</strong></span> <span class='ocrx_word' id='word_1_27' title='bbox 1313 734 1671 803; x_wconf 88' lang='lat' dir='ltr'><strong>exterritis</strong></span> <span class='ocrx_word' id='word_1_28' title='bbox 1703 730 1903 804; x_wconf 89' lang='lat' dir='ltr'><strong>metu</strong></span> <span class='ocrx_word' id='word_1_29' title='bbox 1937 736 2184 806; x_wconf 89' lang='lat' dir='ltr'><strong>similis</strong></span> <span class='ocrx_word' id='word_1_30' title='bbox 2227 738 2517 824; x_wconf 86' lang='lat' dir='ltr'><strong>excidii,</strong></span> 
     </span>
     <span class='ocr_line' id='line_1_5' title="bbox 407 838 2519 941; baseline 0.003 -32"><span class='ocrx_word' id='word_1_31' title='bbox 407 840 531 910; x_wconf 89' lang='lat' dir='ltr'><strong>sed</strong></span> <span class='ocrx_word' id='word_1_32' title='bbox 560 842 773 910; x_wconf 87' lang='lat' dir='ltr'><strong>etiam</strong></span> <span class='ocrx_word' id='word_1_33' title='bbox 809 838 1134 925; x_wconf 52' lang='lat' dir='ltr'><strong>Faliscis?</strong></span> <span class='ocrx_word' id='word_1_34' title='bbox 1162 842 1509 923; x_wconf 85' lang='lat' dir='ltr'><strong>memoria</strong></span> <span class='ocrx_word' id='word_1_35' title='bbox 1545 844 1701 913; x_wconf 91' lang='lat' dir='ltr'><strong>initi</strong></span> <span class='ocrx_word' id='word_1_36' title='bbox 1731 846 1968 941; x_wconf 90' lang='lat' dir='ltr'><strong>primo</strong></span> <span class='ocrx_word' id='word_1_37' title='bbox 2009 868 2172 914; x_wconf 89' lang='lat' dir='ltr'><strong>cum</strong></span> <span class='ocrx_word' id='word_1_38' title='bbox 2203 846 2287 915; x_wconf 91' lang='lat' dir='ltr'><strong>iis</strong></span> <span class='ocrx_word' id='word_1_39' title='bbox 2313 844 2519 935; x_wconf 85' lang='lat' dir='ltr'><strong>belli,</strong></span> 
     </span>
     <span class='ocr_line' id='line_1_6' title="bbox 406 950 2521 1062; baseline 0.002 -42"><span class='ocrx_word' id='word_1_40' title='bbox 406 976 821 1047; x_wconf 82' lang='lat' dir='ltr'>quanquam</span> <span class='ocrx_word' id='word_1_41' title='bbox 860 950 1372 1036; x_wconf 80' lang='lat' dir='ltr'><strong>rebellantibus</strong></span> <span class='ocrx_word' id='word_1_42' title='bbox 1411 978 1563 1023; x_wconf 92' lang='lat' dir='ltr'><strong>non</strong></span> <span class='ocrx_word' id='word_1_43' title='bbox 1587 952 2000 1025; x_wconf 67' lang='lat' dir='ltr'><strong>adfuerant.</strong></span> <span class='ocrx_word' id='word_1_44' title='bbox 2034 955 2261 1052; x_wconf 85' lang='lat' dir='ltr'><strong>Igitur</strong></span> <span class='ocrx_word' id='word_1_45' title='bbox 2292 981 2521 1062; x_wconf 88' lang='lat' dir='ltr'><strong>quum</strong></span> 
     </span>
     <span class='ocr_line' id='line_1_7' title="bbox 406 1060 2521 1163; baseline 0.003 -32"><span class='ocrx_word' id='word_1_46' title='bbox 406 1060 581 1139; x_wconf 63' lang='lat' dir='ltr'><strong>duae,</strong></span> <span class='ocrx_word' id='word_1_47' title='bbox 599 1065 946 1150; x_wconf 82' lang='lat' dir='ltr'><strong>civitateS,</strong></span> <span class='ocrx_word' id='word_1_48' title='bbox 973 1062 1218 1160; x_wconf 84' lang='lat' dir='ltr'><strong>legatis</strong></span> <span class='ocrx_word' id='word_1_49' title='bbox 1243 1063 1470 1133; x_wconf 77' lang='lat' dir='ltr'><strong>circa‘*</strong></span> <span class='ocrx_word' id='word_1_50' title='bbox 1506 1063 1888 1135; x_wconf 84' lang='lat' dir='ltr'><strong>duodecim</strong></span> <span class='ocrx_word' id='word_1_51' title='bbox 1918 1065 2232 1163; x_wconf 91' lang='lat' dir='ltr'><strong>populos</strong></span> <span class='ocrx_word' id='word_1_52' title='bbox 2257 1067 2521 1153; x_wconf 84' lang='lat' dir='ltr'><strong>missiS,</strong></span> 
     </span>
     <span class='ocr_line' id='line_1_8' title="bbox 403 1170 2523 1269; baseline 0.001 -27"><span class='ocrx_word' id='word_1_53' title='bbox 403 1174 934 1269; x_wconf 81' lang='lat' dir='ltr'><strong>impetrassent,</strong></span> <span class='ocrx_word' id='word_1_54' title='bbox 986 1183 1067 1243; x_wconf 83' lang='lat' dir='ltr'><strong>&#39;ut</strong></span> <span class='ocrx_word' id='word_1_55' title='bbox 1113 1173 1201 1242; x_wconf 87' lang='lat' dir='ltr'><strong>ad</strong></span> <span class='ocrx_word' id='word_1_56' title='bbox 1237 1170 1267 1216; x_wconf 83' lang='lat'>⁵</span> <span class='ocrx_word' id='word_1_57' title='bbox 1317 1174 1728 1244; x_wconf 88' lang='lat' dir='ltr'><strong>Voltumnae</strong></span> <span class='ocrx_word' id='word_1_58' title='bbox 1784 1173 2032 1245; x_wconf 84' lang='lat' dir='ltr'><strong>fanum</strong></span> <span class='ocrx_word' id='word_1_59' title='bbox 2081 1176 2523 1246; x_wconf 84' lang='lat' dir='ltr'><strong>indiceretur</strong></span> 
     </span>
     <span class='ocr_line' id='line_1_9' title="bbox 402 1283 2521 1379; baseline 0.002 -27"><span class='ocrx_word' id='word_1_60' title='bbox 402 1286 603 1363; x_wconf 88' lang='lat' dir='ltr'><strong>omni</strong></span> <span class='ocrx_word' id='word_1_61' title='bbox 642 1285 943 1354; x_wconf 80' lang='lat' dir='ltr'><strong>Etruriae</strong></span> <span class='ocrx_word' id='word_1_62' title='bbox 986 1284 1411 1370; x_wconf 82' lang='lat' dir='ltr'><strong>concilium3</strong></span> <span class='ocrx_word' id='word_1_63' title='bbox 1447 1283 1643 1353; x_wconf 90' lang='lat' dir='ltr'><strong>velut</strong></span> <span class='ocrx_word' id='word_1_64' title='bbox 1678 1308 1942 1379; x_wconf 86' lang='lat' dir='ltr'><strong>magno</strong></span> <span class='ocrx_word' id='word_1_65' title='bbox 1986 1284 2156 1355; x_wconf 92' lang='lat' dir='ltr'><strong>inde</strong></span> <span class='ocrx_word' id='word_1_66' title='bbox 2203 1285 2521 1356; x_wconf 87' lang='lat' dir='ltr'><strong>tumultu</strong></span> 
     </span>
     <span class='ocr_line' id='line_1_10' title="bbox 403 1392 2520 1483; baseline 0.002 -22"><span class='ocrx_word' id='word_1_67' title='bbox 403 1393 824 1466; x_wconf 86' lang='lat' dir='ltr'><strong>imminente</strong></span> <span class='ocrx_word' id='word_1_68' title='bbox 842 1451 861 1483; x_wconf 88' lang='lat'><strong>,</strong></span> <span class='ocrx_word' id='word_1_69' title='bbox 892 1408 1178 1466; x_wconf 90' lang='lat' dir='ltr'><strong>senatus</strong></span> <span class='ocrx_word' id='word_1_70' title='bbox 1205 1398 1416 1463; x_wconf 85' lang='lat' dir='ltr'><strong>Mam.</strong></span> <span class='ocrx_word' id='word_1_71' title='bbox 1433 1392 1791 1463; x_wconf 87' lang='lat' dir='ltr'><strong>AEmilium</strong></span> <span class='ocrx_word' id='word_1_72' title='bbox 1814 1392 2235 1466; x_wconf 88' lang='lat' dir='ltr'><strong>dictatorern</strong></span> <span class='ocrx_word' id='word_1_73' title='bbox 2256 1397 2520 1465; x_wconf 88' lang='lat' dir='ltr'><strong>iterum</strong></span> 
     </span>
     <span class='ocr_line' id='line_1_11' title="bbox 404 1501 2524 1602; baseline 0 -29"><span class='ocrx_word' id='word_1_74' title='bbox 404 1502 544 1575; x_wconf 81' lang='lat' dir='ltr'><strong>diei</strong></span> <span class='ocrx_word' id='word_1_75' title='bbox 563 1506 805 1599; x_wconf 88' lang='lat' dir='ltr'><strong>jussit:</strong></span> <span class='ocrx_word' id='word_1_76' title='bbox 839 1504 933 1575; x_wconf 91' lang='lat' dir='ltr'><strong>ab</strong></span> <span class='ocrx_word' id='word_1_77' title='bbox 955 1530 1043 1575; x_wconf 93' lang='lat' dir='ltr'><strong>eo</strong></span> <span class='ocrx_word' id='word_1_78' title='bbox 1062 1508 1143 1573; x_wconf 86' lang='lat' dir='ltr'><strong>A.</strong></span> <span class='ocrx_word' id='word_1_79' title='bbox 1166 1504 1571 1572; x_wconf 87' lang='lat' dir='ltr'><strong>Postumius</strong></span> <span class='ocrx_word' id='word_1_80' title='bbox 1589 1501 1947 1572; x_wconf 87' lang='lat' dir='ltr'><strong>Tubertus</strong></span> <span class='ocrx_word' id='word_1_81' title='bbox 1972 1506 2307 1602; x_wconf 86' lang='lat' dir='ltr'><strong>magister</strong></span> <span class='ocrx_word' id='word_1_82' title='bbox 2335 1505 2524 1601; x_wconf 89' lang='lat' dir='ltr'><strong>equi-</strong></span> 
     </span>
     <span class='ocr_line' id='line_1_12' title="bbox 402 1605 2524 1714; baseline 0 -30"><span class='ocrx_word' id='word_1_83' title='bbox 402 1629 556 1698; x_wconf 87' lang='lat' dir='ltr'><strong>tum</strong></span> <span class='ocrx_word' id='word_1_84' title='bbox 590 1630 695 1687; x_wconf 93' lang='lat' dir='ltr'><strong>est</strong></span> <span class='ocrx_word' id='word_1_85' title='bbox 722 1616 954 1686; x_wconf 87' lang='lat' dir='ltr'><strong>dictus</strong></span> <span class='ocrx_word' id='word_1_86' title='bbox 979 1605 1437 1709; x_wconf 87' lang='lat' dir='ltr'><strong>:bellumque</strong></span> <span class='ocrx_word' id='word_1_87' title='bbox 1467 1628 1669 1684; x_wconf 87' lang='lat' dir='ltr'><strong>tanto</strong></span> <span class='ocrx_word' id='word_1_88' title='bbox 1690 1616 1961 1710; x_wconf 88' lang='lat' dir='ltr'><strong>majore</strong></span> <span class='ocrx_word' id='word_1_89' title='bbox 1979 1670 1998 1703; x_wconf 90' lang='lat'><strong>,</strong></span> <span class='ocrx_word' id='word_1_90' title='bbox 2034 1641 2251 1712; x_wconf 89' lang='lat' dir='ltr'><strong>quam</strong></span> <span class='ocrx_word' id='word_1_91' title='bbox 2276 1618 2524 1714; x_wconf 86' lang='lat' dir='ltr'><strong>proxi-</strong></span> 
     </span>
     <span class='ocr_line' id='line_1_13' title="bbox 401 1719 2562 1824; baseline 0.002 -31"><span class='ocrx_word' id='word_1_92' title='bbox 401 1724 589 1814; x_wconf 73' lang='lat' dir='ltr'><strong>mo⁶‚</strong></span> <span class='ocrx_word' id='word_1_93' title='bbox 618 1740 883 1796; x_wconf 82' lang='lat' dir='ltr'><strong>conatu</strong></span> <span class='ocrx_word' id='word_1_94' title='bbox 915 1737 1337 1821; x_wconf 83' lang='lat' dir='ltr'><strong>apparatum</strong></span> <span class='ocrx_word' id='word_1_95' title='bbox 1368 1738 1505 1810; x_wconf 90' lang='lat' dir='ltr'><strong>est,</strong></span> <span class='ocrx_word' id='word_1_96' title='bbox 1535 1739 1809 1820; x_wconf 89' lang='lat' dir='ltr'><strong>quanto</strong></span> <span class='ocrx_word' id='word_1_97' title='bbox 1836 1725 2001 1824; x_wconf 91' lang='lat' dir='ltr'><strong>plus</strong></span> <span class='ocrx_word' id='word_1_98' title='bbox 2026 1719 2176 1797; x_wconf 85' lang='lat' dir='ltr'><strong>erat</strong></span> <span class='ocrx_word' id='word_1_99' title='bbox 2205 1726 2295 1797; x_wconf 85' lang='lat' dir='ltr'><strong>ab</strong></span> <span class='ocrx_word' id='word_1_100' title='bbox 2324 1730 2523 1797; x_wconf 90' lang='lat' dir='ltr'><strong>omni</strong></span> <span class='ocrx_word' id='word_1_101' title='bbox 2558 1809 2562 1813; x_wconf 39' lang='grc'><strong>,</strong></span> 
     </span>
    </p>
   </div>
   <div class='ocr_carea' id='block_1_3' title="bbox 402 1833 2520 2055">
    <p class='ocr_par' dir='ltr' id='par_1_3' title="bbox 402 1833 2520 2055">
     <span class='ocr_line' id='line_1_14' title="bbox 402 1833 2452 1933; baseline 0.002 -29"><span class='ocrx_word' id='word_1_102' title='bbox 402 1836 688 1915; x_wconf 84' lang='lat' dir='ltr'><strong>Etruria</strong></span> <span class='ocrx_word' id='word_1_103' title='bbox 718 1833 1058 1931; x_wconf 86' lang='lat' dir='ltr'><strong>periculi,</strong></span> <span class='ocrx_word' id='word_1_104' title='bbox 1096 1858 1314 1928; x_wconf 86' lang='lat' dir='ltr'><strong>quam</strong></span> <span class='ocrx_word' id='word_1_105' title='bbox 1346 1833 1435 1903; x_wconf 88' lang='lat' dir='ltr'><strong>ab</strong></span> <span class='ocrx_word' id='word_1_106' title='bbox 1472 1833 1760 1905; x_wconf 88' lang='lat' dir='ltr'><strong>duobus</strong></span> <span class='ocrx_word' id='word_1_107' title='bbox 1787 1836 2077 1933; x_wconf 90' lang='lat' dir='ltr'><strong>populis</strong></span> <span class='ocrx_word' id='word_1_108' title='bbox 2108 1835 2357 1908; x_wconf 87' lang='lat' dir='ltr'><strong>fuerat.</strong></span> <span class='ocrx_word' id='word_1_109' title='bbox 2443 1853 2452 1862; x_wconf 82' lang='lat'><strong><em>&#39;</em></strong></span> 
     </span>
     <span class='ocr_line' id='line_1_15' title="bbox 498 1942 2520 2055; baseline 0.002 -42"><span class='ocrx_word' id='word_1_110' title='bbox 498 1949 755 2016; x_wconf 89' lang='lat' dir='ltr'><strong>XXIV.</strong></span> <span class='ocrx_word' id='word_1_111' title='bbox 772 1948 900 2016; x_wconf 78' lang='lat' dir='ltr'><strong>Ea¹</strong></span> <span class='ocrx_word' id='word_1_112' title='bbox 920 1969 1033 2015; x_wconf 89' lang='lat' dir='ltr'><strong>res</strong></span> <span class='ocrx_word' id='word_1_113' title='bbox 1051 1942 1423 2041; x_wconf 87' lang='lat' dir='ltr'><strong>aliquanto</strong></span> <span class='ocrx_word' id='word_1_114' title='bbox 1444 1947 1975 2055; x_wconf 78' lang='lat' dir='ltr'><strong>exspectatione</strong></span> <span class='ocrx_word' id='word_1_115' title='bbox 1991 1949 2317 2020; x_wconf 89' lang='lat' dir='ltr'><strong>omnium</strong></span> <span class='ocrx_word' id='word_1_116' title='bbox 2332 1963 2520 2019; x_wconf 86' lang='lat' dir='ltr'><strong>tran-</strong></span> 
     </span>
    </p>
   </div>
   <div class='ocr_carea' id='block_1_4' title="bbox 396 2154 1417 3792">
    <p class='ocr_par' dir='ltr' id='par_1_4' title="bbox 398 2154 1413 2450">
     <span class='ocr_line' id='line_1_16' title="bbox 398 2154 1413 2220; baseline -0.001 -17"><span class='ocrx_word' id='word_1_117' title='bbox 398 2157 469 2203; x_wconf 87' lang='lat' dir='ltr'><strong>tei</strong></span> <span class='ocrx_word' id='word_1_118' title='bbox 486 2156 680 2205; x_wconf 66' lang='lat' dir='ltr'><strong>⁴tradant</strong></span> <span class='ocrx_word' id='word_1_119' title='bbox 701 2157 842 2214; x_wconf 85' lang='lat' dir='ltr'><strong>libri,</strong></span> <span class='ocrx_word' id='word_1_120' title='bbox 865 2156 1042 2220; x_wconf 87' lang='lat' dir='ltr'><strong>quibus</strong></span> <span class='ocrx_word' id='word_1_121' title='bbox 1063 2154 1209 2203; x_wconf 88' lang='lat' dir='ltr'><strong>fidem</strong></span> <span class='ocrx_word' id='word_1_122' title='bbox 1235 2155 1413 2202; x_wconf 83' lang='lat' dir='ltr'><strong>habere</strong></span> 
     </span>
     <span class='ocr_line' id='line_1_17' title="bbox 398 2234 1413 2295; baseline -0.002 -13"><span class='ocrx_word' id='word_1_123' title='bbox 398 2251 502 2282; x_wconf 87' lang='lat' dir='ltr'><strong>non</strong></span> <span class='ocrx_word' id='word_1_124' title='bbox 522 2235 712 2284; x_wconf 84' lang='lat' dir='ltr'><strong>dubitat</strong></span> <span class='ocrx_word' id='word_1_125' title='bbox 734 2236 963 2284; x_wconf 68' lang='lat' dir='ltr'><strong>Licinius».</strong></span> <span class='ocrx_word' id='word_1_126' title='bbox 988 2235 1171 2282; x_wconf 86' lang='lat' dir='ltr'><strong>Confer</strong></span> <span class='ocrx_word' id='word_1_127' title='bbox 1188 2234 1252 2281; x_wconf 90' lang='lat' dir='ltr'><strong>ad</strong></span> <span class='ocrx_word' id='word_1_128' title='bbox 1277 2250 1321 2281; x_wconf 86' lang='lat' dir='ltr'><strong>e.</strong></span> <span class='ocrx_word' id='word_1_129' title='bbox 1351 2249 1383 2295; x_wconf 88' lang='lat'>9</span> <span class='ocrx_word' id='word_1_130' title='bbox 1398 2268 1413 2292; x_wconf 90' lang='lat'><strong>,</strong></span> 
     </span>
     <span class='ocr_line' id='line_1_18' title="bbox 398 2312 1413 2379; baseline -0.003 -18"><span class='ocrx_word' id='word_1_131' title='bbox 398 2331 454 2361; x_wconf 65' lang='grc' dir='ltr'><strong>ιι.»</strong></span> <span class='ocrx_word' id='word_1_132' title='bbox 471 2325 516 2370; x_wconf 78' lang='lat'><strong>4.</strong></span> <span class='ocrx_word' id='word_1_133' title='bbox 536 2317 661 2363; x_wconf 79' lang='lat' dir='ltr'><strong>Mox</strong></span> <span class='ocrx_word' id='word_1_134' title='bbox 677 2317 802 2363; x_wconf 87' lang='lat' dir='ltr'><strong>forte</strong></span> <span class='ocrx_word' id='word_1_135' title='bbox 818 2314 1079 2379; x_wconf 88' lang='lat' dir='ltr'><strong>legendum</strong></span> <span class='ocrx_word' id='word_1_136' title='bbox 1096 2313 1168 2359; x_wconf 80' lang='lat' dir='ltr'><strong>Sit</strong></span> <span class='ocrx_word' id='word_1_137' title='bbox 1184 2312 1308 2359; x_wconf 81' lang='lat' dir='ltr'><strong>inter</strong></span> <span class='ocrx_word' id='word_1_138' title='bbox 1323 2329 1413 2359; x_wconf 84' lang='lat' dir='ltr'><strong>coe-</strong></span> 
     </span>
     <span class='ocr_line' id='line_1_19' title="bbox 401 2386 1299 2450; baseline 0 -10"><span class='ocrx_word' id='word_1_139' title='bbox 401 2403 532 2450; x_wconf 82' lang='lat' dir='ltr'><strong>cera,</strong></span> <span class='ocrx_word' id='word_1_140' title='bbox 563 2407 655 2443; x_wconf 85' lang='lat' dir='ltr'><strong>ete.</strong></span> <span class='ocrx_word' id='word_1_141' title='bbox 1290 2386 1299 2392; x_wconf 83' lang='lat'><strong>.</strong></span> 
     </span>
    </p>

    <p class='ocr_par' dir='ltr' id='par_1_5' title="bbox 396 2470 1414 2929">
     <span class='ocr_line' id='line_1_20' title="bbox 472 2470 1414 2535; baseline -0.001 -16"><span class='ocrx_word' id='word_1_142' title='bbox 472 2474 518 2519; x_wconf 88' lang='lat'><strong>3.</strong></span> <span class='ocrx_word' id='word_1_143' title='bbox 538 2474 736 2521; x_wconf 82' lang='lat' dir='ltr'><strong>Faliscis</strong></span> <span class='ocrx_word' id='word_1_144' title='bbox 758 2473 989 2520; x_wconf 83' lang='lat' dir='ltr'><strong>memoria</strong></span> <span class='ocrx_word' id='word_1_145' title='bbox 1007 2471 1117 2517; x_wconf 78' lang='lat' dir='ltr'><strong>inici</strong></span> <span class='ocrx_word' id='word_1_146' title='bbox 1123 2470 1286 2535; x_wconf 84' lang='lat' dir='ltr'><strong>primo</strong></span> <span class='ocrx_word' id='word_1_147' title='bbox 1306 2486 1414 2518; x_wconf 87' lang='lat' dir='ltr'><strong>cum</strong></span> 
     </span>
     <span class='ocr_line' id='line_1_21' title="bbox 401 2547 1410 2611; baseline -0.001 -15"><span class='ocrx_word' id='word_1_148' title='bbox 401 2549 459 2597; x_wconf 82' lang='lat' dir='ltr'><strong>iis</strong></span> <span class='ocrx_word' id='word_1_149' title='bbox 474 2551 761 2599; x_wconf 78' lang='lat' dir='ltr'><strong>Veientibus</strong></span> <span class='ocrx_word' id='word_1_150' title='bbox 787 2564 836 2599; x_wconf 90' lang='lat' dir='ltr'><strong>et</strong></span> <span class='ocrx_word' id='word_1_151' title='bbox 858 2549 1169 2598; x_wconf 83' lang='lat' dir='ltr'><strong>Fidenatibus</strong></span> <span class='ocrx_word' id='word_1_152' title='bbox 1195 2547 1308 2596; x_wconf 81' lang='lat' dir='ltr'><strong>belli</strong></span> <span class='ocrx_word' id='word_1_153' title='bbox 1332 2550 1410 2611; x_wconf 69' lang='lat' dir='ltr'><strong>(v,</strong></span> 
     </span>
     <span class='ocr_line' id='line_1_22' title="bbox 400 2626 1413 2692; baseline -0.002 -17"><span class='ocrx_word' id='word_1_154' title='bbox 400 2644 506 2692; x_wconf 84' lang='lat' dir='ltr'><strong>cap.</strong></span> <span class='ocrx_word' id='word_1_155' title='bbox 535 2645 608 2688; x_wconf 83' lang='lat'><strong>17,</strong></span> <span class='ocrx_word' id='word_1_156' title='bbox 634 2630 752 2692; x_wconf 86' lang='lat'><strong>18),</strong></span> <span class='ocrx_word' id='word_1_157' title='bbox 776 2645 1057 2692; x_wconf 83' lang='lat' dir='ltr'><strong>quanquam</strong></span> <span class='ocrx_word' id='word_1_158' title='bbox 1076 2626 1413 2674; x_wconf 78' lang='lat' dir='ltr'><strong>rebellantibus</strong></span> 
     </span>
     <span class='ocr_line' id='line_1_23' title="bbox 400 2703 1408 2772; baseline -0.006 -18"><span class='ocrx_word' id='word_1_159' title='bbox 400 2706 543 2772; x_wconf 76' lang='lat' dir='ltr'><strong>(vide</strong></span> <span class='ocrx_word' id='word_1_160' title='bbox 563 2705 624 2753; x_wconf 83' lang='lat' dir='ltr'><strong>ad</strong></span> <span class='ocrx_word' id='word_1_161' title='bbox 641 2710 716 2765; x_wconf 92' lang='lat'><strong>11,</strong></span> <span class='ocrx_word' id='word_1_162' title='bbox 738 2715 798 2762; x_wconf 59' lang='grc' dir='ltr'><strong>[γι</strong></span> <span class='ocrx_word' id='word_1_163' title='bbox 814 2740 829 2763; x_wconf 86' lang='grc'><strong>,</strong></span> <span class='ocrx_word' id='word_1_164' title='bbox 847 2724 897 2753; x_wconf 93' lang='grc' dir='ltr'><strong>ιι.</strong></span> <span class='ocrx_word' id='word_1_165' title='bbox 917 2708 980 2769; x_wconf 78' lang='lat'><strong>2)</strong></span> <span class='ocrx_word' id='word_1_166' title='bbox 1002 2721 1098 2756; x_wconf 74' lang='lat' dir='ltr'><strong>non</strong></span> <span class='ocrx_word' id='word_1_167' title='bbox 1123 2703 1408 2767; x_wconf 49' lang='lat' dir='ltr'><strong>adfuerant,</strong></span> 
     </span>
     <span class='ocr_line' id='line_1_24' title="bbox 396 2781 1414 2846; baseline -0.006 -13"><span class='ocrx_word' id='word_1_168' title='bbox 396 2785 653 2846; x_wconf 72' lang='lat' dir='ltr'><strong>‘conjuncti</strong></span> <span class='ocrx_word' id='word_1_169' title='bbox 679 2785 757 2832; x_wconf 82' lang='lat' dir='ltr'><strong>vel</strong></span> <span class='ocrx_word' id='word_1_170' title='bbox 780 2784 966 2831; x_wconf 86' lang='lat' dir='ltr'><strong>&#39;auxilio</strong></span> <span class='ocrx_word' id='word_1_171' title='bbox 991 2783 1199 2834; x_wconf 73' lang='lat' dir='ltr'><strong>fuerant.</strong></span> <span class='ocrx_word' id='word_1_172' title='bbox 1234 2781 1414 2828; x_wconf 87' lang='lat' dir='ltr'><strong>Confer</strong></span> 
     </span>
     <span class='ocr_line' id='line_1_25' title="bbox 398 2875 743 2929; baseline -0.006 -17"><span class='ocrx_word' id='word_1_173' title='bbox 398 2880 503 2929; x_wconf 87' lang='lat' dir='ltr'><strong>cap.</strong></span> <span class='ocrx_word' id='word_1_174' title='bbox 531 2880 591 2910; x_wconf 81' lang='lat'><strong>21</strong></span> <span class='ocrx_word' id='word_1_175' title='bbox 621 2875 743 2913; x_wconf 79' lang='lat' dir='ltr'><strong>extr.</strong></span> 
     </span>
    </p>

    <p class='ocr_par' dir='ltr' id='par_1_6' title="bbox 397 2941 1417 3792">
     <span class='ocr_line' id='line_1_26' title="bbox 468 2941 1417 3005; baseline -0.006 -14"><span class='ocrx_word' id='word_1_176' title='bbox 468 2952 516 2999; x_wconf 76' lang='grc'><strong>4.</strong></span> <span class='ocrx_word' id='word_1_177' title='bbox 544 2943 685 2991; x_wconf 79' lang='lat' dir='ltr'><strong>Circa</strong></span> <span class='ocrx_word' id='word_1_178' title='bbox 699 2942 952 2989; x_wconf 78' lang='lat' dir='ltr'><strong>duodecim</strong></span> <span class='ocrx_word' id='word_1_179' title='bbox 957 2941 1168 3005; x_wconf 84' lang='lat' dir='ltr'><strong>populos</strong></span> <span class='ocrx_word' id='word_1_180' title='bbox 1180 2956 1198 2985; x_wconf 88' lang='lat'><strong>.·</strong></span> <span class='ocrx_word' id='word_1_181' title='bbox 1212 2952 1323 2983; x_wconf 86' lang='lat' dir='ltr'><strong>nam</strong></span> <span class='ocrx_word' id='word_1_182' title='bbox 1340 2947 1417 2985; x_wconf 89' lang='lat' dir='ltr'><strong>tot</strong></span> 
     </span>
     <span class='ocr_line' id='line_1_27' title="bbox 399 3003 1414 3086; baseline -0.004 -17"><span class='ocrx_word' id='word_1_183' title='bbox 399 3034 534 3070; x_wconf 87' lang='lat' dir='ltr'><strong>erant</strong></span> <span class='ocrx_word' id='word_1_184' title='bbox 558 3023 734 3071; x_wconf 85' lang='lat' dir='ltr'><strong>veteris</strong></span> <span class='ocrx_word' id='word_1_185' title='bbox 758 3024 963 3070; x_wconf 80' lang='lat' dir='ltr'><strong>Etruriae</strong></span> <span class='ocrx_word' id='word_1_186' title='bbox 984 3019 1160 3086; x_wconf 90' lang='lat' dir='ltr'><strong>populi</strong></span> <span class='ocrx_word' id='word_1_187' title='bbox 1188 3003 1414 3082; x_wconf 65' lang='grc' dir='ltr'><strong>(δῆμοι),</strong></span> 
     </span>
     <span class='ocr_line' id='line_1_28' title="bbox 397 3097 1414 3162; baseline -0.007 -14"><span class='ocrx_word' id='word_1_188' title='bbox 397 3117 482 3148; x_wconf 82' lang='lat' dir='ltr'><strong>seu</strong></span> <span class='ocrx_word' id='word_1_189' title='bbox 507 3102 724 3150; x_wconf 85' lang='lat' dir='ltr'><strong>civitates</strong></span> <span class='ocrx_word' id='word_1_190' title='bbox 751 3113 800 3149; x_wconf 89' lang='lat' dir='ltr'><strong>et</strong></span> <span class='ocrx_word' id='word_1_191' title='bbox 824 3102 968 3150; x_wconf 86' lang='lat' dir='ltr'><strong>urbes</strong></span> <span class='ocrx_word' id='word_1_192' title='bbox 991 3097 1338 3162; x_wconf 65' lang='lat' dir='ltr'><strong>antiquissimae</strong></span> <span class='ocrx_word' id='word_1_193' title='bbox 1365 3105 1414 3141; x_wconf 89' lang='lat' dir='ltr'><strong>et</strong></span> 
     </span>
     <span class='ocr_line' id='line_1_29' title="bbox 399 3176 1412 3239; baseline -0.004 -14"><span class='ocrx_word' id='word_1_194' title='bbox 399 3179 670 3229; x_wconf 75' lang='lat' dir='ltr'><strong>clarissimae</strong></span> <span class='ocrx_word' id='word_1_195' title='bbox 687 3215 701 3239; x_wconf 94' lang='lat'><strong>,</strong></span> <span class='ocrx_word' id='word_1_196' title='bbox 727 3181 969 3238; x_wconf 80' lang='lat' dir='ltr'><strong>Clusium,</strong></span> <span class='ocrx_word' id='word_1_197' title='bbox 996 3179 1216 3234; x_wconf 88' lang='lat' dir='ltr'><strong>Perusia,</strong></span> <span class='ocrx_word' id='word_1_198' title='bbox 1236 3176 1412 3224; x_wconf 89' lang='lat' dir='ltr'><strong>Corto-</strong></span> 
     </span>
     <span class='ocr_line' id='line_1_30' title="bbox 397 3254 1410 3316; baseline -0.005 -12"><span class='ocrx_word' id='word_1_199' title='bbox 397 3273 478 3314; x_wconf 86' lang='lat' dir='ltr'><strong>na,</strong></span> <span class='ocrx_word' id='word_1_200' title='bbox 489 3260 806 3307; x_wconf 83' lang='lat' dir='ltr'><strong>Vetulonium</strong></span> <span class='ocrx_word' id='word_1_201' title='bbox 818 3293 832 3316; x_wconf 96' lang='lat'><strong>,</strong></span> <span class='ocrx_word' id='word_1_202' title='bbox 848 3260 1102 3307; x_wconf 79' lang='lat' dir='ltr'><strong>Volaterra</strong></span> <span class='ocrx_word' id='word_1_203' title='bbox 1113 3293 1127 3315; x_wconf 88' lang='lat'><strong>,</strong></span> <span class='ocrx_word' id='word_1_204' title='bbox 1146 3254 1410 3313; x_wconf 84' lang='lat' dir='ltr'><strong>Arretium,</strong></span> 
     </span>
     <span class='ocr_line' id='line_1_31' title="bbox 399 3331 1411 3397; baseline -0.004 -14"><span class='ocrx_word' id='word_1_205' title='bbox 399 3337 651 3397; x_wconf 86' lang='lat' dir='ltr'><strong>Tarquinii</strong></span> <span class='ocrx_word' id='word_1_206' title='bbox 670 3371 685 3394; x_wconf 92' lang='lat'><strong>,</strong></span> <span class='ocrx_word' id='word_1_207' title='bbox 719 3338 927 3385; x_wconf 65' lang='lat' dir='ltr'><strong>Rusellae</strong></span> <span class='ocrx_word' id='word_1_208' title='bbox 948 3373 962 3396; x_wconf 93' lang='lat'><strong>‚</strong></span> <span class='ocrx_word' id='word_1_209' title='bbox 1005 3335 1209 3393; x_wconf 84' lang='lat' dir='ltr'><strong>Falerii,</strong></span> <span class='ocrx_word' id='word_1_210' title='bbox 1248 3331 1411 3390; x_wconf 86' lang='lat' dir='ltr'><strong>Caere,</strong></span> 
     </span>
     <span class='ocr_line' id='line_1_32' title="bbox 398 3413 1411 3474; baseline -0.003 -15"><span class='ocrx_word' id='word_1_211' title='bbox 398 3413 539 3471; x_wconf 81' lang='lat' dir='ltr'><strong>Veii,</strong></span> <span class='ocrx_word' id='word_1_212' title='bbox 565 3413 808 3474; x_wconf 77' lang='lat' dir='ltr'><strong>Volsinii3</strong></span> <span class='ocrx_word' id='word_1_213' title='bbox 834 3413 949 3462; x_wconf 82' lang='lat' dir='ltr'><strong>vide</strong></span> <span class='ocrx_word' id='word_1_214' title='bbox 987 3416 1052 3462; x_wconf 84' lang='lat' dir='ltr'><strong>ad</strong></span> <span class='ocrx_word' id='word_1_215' title='bbox 1083 3418 1139 3472; x_wconf 92' lang='lat'><strong>1,</strong></span> <span class='ocrx_word' id='word_1_216' title='bbox 1169 3414 1229 3471; x_wconf 88' lang='lat'><strong>8,</strong></span> <span class='ocrx_word' id='word_1_217' title='bbox 1265 3429 1314 3458; x_wconf 91' lang='grc' dir='ltr'><strong>ιι.</strong></span> <span class='ocrx_word' id='word_1_218' title='bbox 1348 3426 1411 3468; x_wconf 78' lang='lat'><strong>23</strong></span> 
     </span>
     <span class='ocr_line' id='line_1_33' title="bbox 398 3492 1411 3553; baseline -0.006 -12"><span class='ocrx_word' id='word_1_219' title='bbox 398 3492 590 3541; x_wconf 86' lang='lat' dir='ltr'><strong>Cluver.</strong></span> <span class='ocrx_word' id='word_1_220' title='bbox 638 3492 743 3538; x_wconf 89' lang='lat' dir='ltr'><strong>Ital.</strong></span> <span class='ocrx_word' id='word_1_221' title='bbox 787 3504 883 3539; x_wconf 85' lang='lat' dir='ltr'><strong>ant.</strong></span> <span class='ocrx_word' id='word_1_222' title='bbox 916 3496 974 3540; x_wconf 64' lang='grc' dir='ltr'><strong>ΙΙ</strong></span> <span class='ocrx_word' id='word_1_223' title='bbox 991 3528 1004 3550; x_wconf 89' lang='grc'><strong>,</strong></span> <span class='ocrx_word' id='word_1_224' title='bbox 1046 3508 1099 3552; x_wconf 91' lang='lat'><strong>1;</strong></span> <span class='ocrx_word' id='word_1_225' title='bbox 1138 3494 1411 3553; x_wconf 88' lang='lat' dir='ltr'><strong>Dempster.</strong></span> 
     </span>
     <span class='ocr_line' id='line_1_34' title="bbox 397 3569 1409 3633; baseline -0.007 -13"><span class='ocrx_word' id='word_1_226' title='bbox 397 3573 561 3620; x_wconf 88' lang='lat' dir='ltr'><strong>Etrur.</strong></span> <span class='ocrx_word' id='word_1_227' title='bbox 605 3584 706 3633; x_wconf 86' lang='lat' dir='ltr'><strong>reg.</strong></span> <span class='ocrx_word' id='word_1_228' title='bbox 749 3571 822 3615; x_wconf 92' lang='lat'><strong>111</strong></span> <span class='ocrx_word' id='word_1_229' title='bbox 839 3604 853 3627; x_wconf 93' lang='lat'><strong>‚</strong></span> <span class='ocrx_word' id='word_1_230' title='bbox 885 3571 939 3627; x_wconf 79' lang='lat'><strong>83</strong></span> <span class='ocrx_word' id='word_1_231' title='bbox 977 3570 1236 3618; x_wconf 83' lang='lat' dir='ltr'><strong>Fontanini</strong></span> <span class='ocrx_word' id='word_1_232' title='bbox 1273 3569 1409 3615; x_wconf 87' lang='lat' dir='ltr'><strong>Antt.</strong></span> 
     </span>
     <span class='ocr_line' id='line_1_35' title="bbox 397 3647 1411 3711; baseline -0.008 -13"><span class='ocrx_word' id='word_1_233' title='bbox 397 3653 567 3698; x_wconf 84' lang='lat' dir='ltr'><strong>Hortae</strong></span> <span class='ocrx_word' id='word_1_234' title='bbox 593 3651 644 3707; x_wconf 92' lang='lat'><strong>1,</strong></span> <span class='ocrx_word' id='word_1_235' title='bbox 677 3663 729 3705; x_wconf 92' lang='lat'><strong>1,</strong></span> <span class='ocrx_word' id='word_1_236' title='bbox 762 3661 812 3711; x_wconf 88' lang='lat' dir='ltr'><strong>p.</strong></span> <span class='ocrx_word' id='word_1_237' title='bbox 849 3647 926 3694; x_wconf 83' lang='lat'><strong>15.</strong></span> <span class='ocrx_word' id='word_1_238' title='bbox 962 3648 1093 3695; x_wconf 84' lang='lat' dir='ltr'><strong>Nota</strong></span> <span class='ocrx_word' id='word_1_239' title='bbox 1119 3647 1271 3697; x_wconf 80' lang='lat' dir='ltr'><strong>Drak.</strong></span> <span class='ocrx_word' id='word_1_240' title='bbox 1305 3655 1411 3692; x_wconf 89' lang='lat' dir='ltr'><strong>est:</strong></span> 
     </span>
     <span class='ocr_line' id='line_1_36' title="bbox 397 3725 1416 3792; baseline -0.007 -15"><span class='ocrx_word' id='word_1_241' title='bbox 397 3751 423 3771; x_wconf 73' lang='lat' dir='ltr'><strong>ee</strong></span> <span class='ocrx_word' id='word_1_242' title='bbox 446 3731 609 3792; x_wconf 88' lang='lat' dir='ltr'><strong>Quum</strong></span> <span class='ocrx_word' id='word_1_243' title='bbox 650 3744 713 3774; x_wconf 81' lang='lat' dir='ltr'><strong>ex</strong></span> <span class='ocrx_word' id='word_1_244' title='bbox 755 3728 858 3773; x_wconf 78' lang='lat' dir='ltr'><strong>XII</strong></span> <span class='ocrx_word' id='word_1_245' title='bbox 900 3726 1097 3790; x_wconf 85' lang='lat' dir='ltr'><strong>populis</strong></span> <span class='ocrx_word' id='word_1_246' title='bbox 1140 3725 1237 3773; x_wconf 85' lang='lat' dir='ltr'><strong>illis</strong></span> <span class='ocrx_word' id='word_1_247' title='bbox 1281 3725 1380 3771; x_wconf 84' lang='lat' dir='ltr'><strong>duo</strong></span> <span class='ocrx_word' id='word_1_248' title='bbox 1401 3759 1416 3783; x_wconf 93' lang='lat'><strong>,</strong></span> 
     </span>
    </p>
   </div>
   <div class='ocr_carea' id='block_1_5' title="bbox 1498 2152 2574 3633">
    <p class='ocr_par' dir='ltr' id='par_1_7' title="bbox 1500 2152 2523 2364">
     <span class='ocr_line' id='line_1_37' title="bbox 1500 2152 2519 2222; baseline -0.002 -18"><span class='ocrx_word' id='word_1_249' title='bbox 1500 2152 1759 2222; x_wconf 65' lang='lat' dir='ltr'><strong>accipiam,</strong></span> <span class='ocrx_word' id='word_1_250' title='bbox 1785 2174 1885 2222; x_wconf 86' lang='lat' dir='ltr'><strong>quo</strong></span> <span class='ocrx_word' id='word_1_251' title='bbox 1907 2158 2152 2206; x_wconf 82' lang='lat' dir='ltr'><strong>Pindarus</strong></span> <span class='ocrx_word' id='word_1_252' title='bbox 2169 2172 2431 2219; x_wconf 76' lang='lat' dir='ltr'><strong>novemque</strong></span> <span class='ocrx_word' id='word_1_253' title='bbox 2450 2158 2519 2219; x_wconf 75' lang='grc' dir='ltr'><strong>ζγ-</strong></span> 
     </span>
     <span class='ocr_line' id='line_1_38' title="bbox 1501 2235 2523 2299; baseline 0.001 -17"><span class='ocrx_word' id='word_1_254' title='bbox 1501 2237 1594 2284; x_wconf 82' lang='lat' dir='ltr'><strong>rici</strong></span> <span class='ocrx_word' id='word_1_255' title='bbox 1625 2237 1753 2285; x_wconf 79' lang='lat' dir='ltr'><strong>dixit</strong></span> <span class='ocrx_word' id='word_1_256' title='bbox 1781 2239 1979 2285; x_wconf 86' lang='lat' dir='ltr'><strong>Petron.</strong></span> <span class='ocrx_word' id='word_1_257' title='bbox 2006 2239 2166 2299; x_wconf 72' lang='lat' dir='ltr'><strong>Satyr.</strong></span> <span class='ocrx_word' id='word_1_258' title='bbox 2194 2238 2271 2294; x_wconf 76' lang='lat'><strong>113</strong></span> <span class='ocrx_word' id='word_1_259' title='bbox 2297 2236 2383 2282; x_wconf 89' lang='lat' dir='ltr'><strong>ubi</strong></span> <span class='ocrx_word' id='word_1_260' title='bbox 2411 2235 2523 2283; x_wconf 87' lang='lat' dir='ltr'><strong>vide</strong></span> 
     </span>
     <span class='ocr_line' id='line_1_39' title="bbox 1503 2316 1709 2364; baseline 0.015 -3"><span class='ocrx_word' id='word_1_261' title='bbox 1503 2316 1669 2364; x_wconf 87' lang='lat' dir='ltr'><strong>Burm.</strong></span> <span class='ocrx_word' id='word_1_262' title='bbox 1684 2338 1709 2357; x_wconf 64' lang='grc' dir='ltr'><strong>ιι</strong></span> 
     </span>
    </p>

    <p class='ocr_par' dir='ltr' id='par_1_8' title="bbox 1498 2392 2574 3553">
     <span class='ocr_line' id='line_1_40' title="bbox 1575 2392 2525 2458; baseline -0.003 -16"><span class='ocrx_word' id='word_1_263' title='bbox 1575 2394 1622 2442; x_wconf 85' lang='grc'><strong>5.</strong></span> <span class='ocrx_word' id='word_1_264' title='bbox 1659 2395 1747 2442; x_wconf 84' lang='lat' dir='ltr'><strong>Ad</strong></span> <span class='ocrx_word' id='word_1_265' title='bbox 1768 2392 2233 2458; x_wconf 83' lang='lat' dir='ltr'><strong>Voltumnaefanum</strong></span> <span class='ocrx_word' id='word_1_266' title='bbox 2266 2392 2525 2439; x_wconf 80' lang='lat' dir='ltr'><strong>concilium</strong></span> 
     </span>
     <span class='ocr_line' id='line_1_41' title="bbox 1503 2472 2523 2537; baseline 0.001 -18"><span class='ocrx_word' id='word_1_267' title='bbox 1503 2474 1657 2521; x_wconf 81' lang='lat' dir='ltr'><strong>omnis</strong></span> <span class='ocrx_word' id='word_1_268' title='bbox 1679 2475 1890 2522; x_wconf 82' lang='lat' dir='ltr'><strong>Etruriae</strong></span> <span class='ocrx_word' id='word_1_269' title='bbox 1909 2491 2011 2522; x_wconf 86' lang='lat' dir='ltr'><strong>esse</strong></span> <span class='ocrx_word' id='word_1_270' title='bbox 2037 2472 2222 2521; x_wconf 81' lang='lat' dir='ltr'><strong>solebat</strong></span> <span class='ocrx_word' id='word_1_271' title='bbox 2249 2472 2451 2537; x_wconf 80' lang='lat' dir='ltr'><strong>(confer</strong></span> <span class='ocrx_word' id='word_1_272' title='bbox 2477 2487 2523 2520; x_wconf 79' lang='lat' dir='ltr'><strong>o.</strong></span> 
     </span>
     <span class='ocr_line' id='line_1_42' title="bbox 1503 2549 2523 2615; baseline -0.002 -17"><span class='ocrx_word' id='word_1_273' title='bbox 1503 2554 1596 2610; x_wconf 79' lang='lat'><strong>25,</strong></span> <span class='ocrx_word' id='word_1_274' title='bbox 1630 2554 1691 2600; x_wconf 88' lang='lat'><strong>61</strong></span> <span class='ocrx_word' id='word_1_275' title='bbox 1714 2571 1728 2612; x_wconf 91' lang='lat'>;</span> <span class='ocrx_word' id='word_1_276' title='bbox 1751 2555 1816 2612; x_wconf 83' lang='lat' dir='ltr'><strong>V,</strong></span> <span class='ocrx_word' id='word_1_277' title='bbox 1851 2569 1938 2613; x_wconf 83' lang='lat'><strong>173</strong></span> <span class='ocrx_word' id='word_1_278' title='bbox 1967 2555 2065 2611; x_wconf 82' lang='lat' dir='ltr'><strong>VI,</strong></span> <span class='ocrx_word' id='word_1_279' title='bbox 2094 2550 2190 2615; x_wconf 79' lang='lat'><strong>2),</strong></span> <span class='ocrx_word' id='word_1_280' title='bbox 2226 2550 2433 2615; x_wconf 24' lang='lat' dir='ltr'><strong>utrLatii</strong></span> <span class='ocrx_word' id='word_1_281' title='bbox 2457 2549 2523 2597; x_wconf 90' lang='lat' dir='ltr'><strong>ad</strong></span> 
     </span>
     <span class='ocr_line' id='line_1_43' title="bbox 1498 2630 2521 2690; baseline 0 -13"><span class='ocrx_word' id='word_1_282' title='bbox 1498 2630 1669 2677; x_wconf 72' lang='lat' dir='ltr'><strong>lueum‘</strong></span> <span class='ocrx_word' id='word_1_283' title='bbox 1682 2633 1979 2690; x_wconf 83' lang='lat' dir='ltr'><strong>Ferentinae3</strong></span> <span class='ocrx_word' id='word_1_284' title='bbox 2001 2631 2116 2678; x_wconf 84' lang='lat' dir='ltr'><strong>vide</strong></span> <span class='ocrx_word' id='word_1_285' title='bbox 2135 2631 2197 2678; x_wconf 87' lang='lat' dir='ltr'><strong>ad</strong></span> <span class='ocrx_word' id='word_1_286' title='bbox 2214 2633 2265 2688; x_wconf 95' lang='lat' dir='ltr'><strong>I,</strong></span> <span class='ocrx_word' id='word_1_287' title='bbox 2288 2630 2378 2687; x_wconf 84' lang='lat'><strong>50,</strong></span> <span class='ocrx_word' id='word_1_288' title='bbox 2398 2645 2447 2675; x_wconf 87' lang='lat' dir='ltr'><strong>n.</strong></span> <span class='ocrx_word' id='word_1_289' title='bbox 2476 2644 2521 2677; x_wconf 90' lang='lat'><strong>1.</strong></span> 
     </span>
     <span class='ocr_line' id='line_1_44' title="bbox 1503 2710 2523 2766; baseline -0.001 -12"><span class='ocrx_word' id='word_1_290' title='bbox 1503 2710 1690 2756; x_wconf 85' lang='lat' dir='ltr'><strong>Fanum</strong></span> <span class='ocrx_word' id='word_1_291' title='bbox 1720 2711 2015 2766; x_wconf 70' lang='lat' dir='ltr'><strong>Voltumnae,</strong></span> <span class='ocrx_word' id='word_1_292' title='bbox 2047 2710 2151 2757; x_wconf 81' lang='lat' dir='ltr'><strong>deae</strong></span> <span class='ocrx_word' id='word_1_293' title='bbox 2179 2711 2494 2755; x_wconf 86' lang='lat' dir='ltr'><strong>Etruseorum</strong></span> <span class='ocrx_word' id='word_1_294' title='bbox 2507 2741 2523 2766; x_wconf 89' lang='lat'>‚</span> 
     </span>
     <span class='ocr_line' id='line_1_45' title="bbox 1501 2786 2527 2850; baseline 0.001 -19"><span class='ocrx_word' id='word_1_295' title='bbox 1501 2787 1764 2850; x_wconf 77' lang='lat' dir='ltr'><strong>nonlonge</strong></span> <span class='ocrx_word' id='word_1_296' title='bbox 1782 2789 1946 2838; x_wconf 83' lang='lat' dir='ltr'><strong>aberat</strong></span> <span class='ocrx_word' id='word_1_297' title='bbox 1960 2804 1987 2834; x_wconf 86' lang='lat' dir='ltr'><strong>a</strong></span> <span class='ocrx_word' id='word_1_298' title='bbox 2007 2788 2133 2844; x_wconf 85' lang='lat' dir='ltr'><strong>lacu,</strong></span> <span class='ocrx_word' id='word_1_299' title='bbox 2150 2797 2316 2833; x_wconf 89' lang='lat' dir='ltr'><strong>monte</strong></span> <span class='ocrx_word' id='word_1_300' title='bbox 2336 2797 2385 2833; x_wconf 89' lang='lat' dir='ltr'><strong>et</strong></span> <span class='ocrx_word' id='word_1_301' title='bbox 2402 2786 2527 2832; x_wconf 83' lang='lat' dir='ltr'><strong>saltu</strong></span> 
     </span>
     <span class='ocr_line' id='line_1_46' title="bbox 1506 2864 2525 2927; baseline -0.001 -17"><span class='ocrx_word' id='word_1_302' title='bbox 1506 2864 1715 2910; x_wconf 76' lang='lat' dir='ltr'><strong>Ciminio‘</strong></span> <span class='ocrx_word' id='word_1_303' title='bbox 1730 2898 1744 2922; x_wconf 94' lang='lat'><strong><em>‚</em></strong></span> <span class='ocrx_word' id='word_1_304' title='bbox 1764 2877 1812 2912; x_wconf 89' lang='lat' dir='ltr'><strong>et</strong></span> <span class='ocrx_word' id='word_1_305' title='bbox 1826 2882 1852 2912; x_wconf 91' lang='lat' dir='ltr'><strong>a</strong></span> <span class='ocrx_word' id='word_1_306' title='bbox 1865 2866 2091 2914; x_wconf 71' lang='lat' dir='ltr'><strong>viterbio</strong></span> <span class='ocrx_word' id='word_1_307' title='bbox 2103 2899 2116 2921; x_wconf 92' lang='lat'><strong>,</strong></span> <span class='ocrx_word' id='word_1_308' title='bbox 2137 2864 2231 2910; x_wconf 82' lang='lat' dir='ltr'><strong>nisi</strong></span> <span class='ocrx_word' id='word_1_309' title='bbox 2249 2865 2410 2927; x_wconf 86' lang='lat' dir='ltr'><strong>ipsum</strong></span> <span class='ocrx_word' id='word_1_310' title='bbox 2427 2864 2525 2909; x_wconf 89' lang='lat' dir='ltr'><strong>hoc</strong></span> 
     </span>
     <span class='ocr_line' id='line_1_47' title="bbox 1505 2941 2574 3005; baseline -0.004 -16"><span class='ocrx_word' id='word_1_311' title='bbox 1505 2942 1744 3005; x_wconf 87' lang='lat' dir='ltr'><strong>oppidum</strong></span> <span class='ocrx_word' id='word_1_312' title='bbox 1778 2954 1868 2989; x_wconf 85' lang='lat' dir='ltr'><strong>est.</strong></span> <span class='ocrx_word' id='word_1_313' title='bbox 1890 2969 1958 2977; x_wconf 93' lang='lat'><strong>—-</strong></span> <span class='ocrx_word' id='word_1_314' title='bbox 1978 2941 2189 3002; x_wconf 88' lang='lat' dir='ltr'><strong>Quidam</strong></span> <span class='ocrx_word' id='word_1_315' title='bbox 2215 2942 2526 2988; x_wconf 78' lang='lat' dir='ltr'><strong>Voleumuam</strong></span> <span class='ocrx_word' id='word_1_316' title='bbox 2567 2993 2574 2999; x_wconf 40' lang='grc'><em>,</em></span> 
     </span>
     <span class='ocr_line' id='line_1_48' title="bbox 1503 3020 2523 3084; baseline -0.002 -17"><span class='ocrx_word' id='word_1_317' title='bbox 1503 3021 1881 3084; x_wconf 86' lang='lat' dir='ltr'><strong>interpretantur</strong></span> <span class='ocrx_word' id='word_1_318' title='bbox 1899 3021 2198 3075; x_wconf 76' lang='lat' dir='ltr'><strong>Volturnum,</strong></span> <span class='ocrx_word' id='word_1_319' title='bbox 2217 3034 2311 3083; x_wconf 83' lang='lat' dir='ltr'><strong>pro</strong></span> <span class='ocrx_word' id='word_1_320' title='bbox 2331 3022 2379 3064; x_wconf 92' lang='lat' dir='ltr'><em>V</em></span> <span class='ocrx_word' id='word_1_321' title='bbox 2371 3020 2523 3066; x_wconf 70' lang='grc' dir='ltr'><em>οἰων-</em></span> 
     </span>
     <span class='ocr_line' id='line_1_49' title="bbox 1501 3096 2521 3165; baseline 0.001 -20"><span class='ocrx_word' id='word_1_322' title='bbox 1501 3115 1670 3146; x_wconf 83' lang='lat' dir='ltr'><strong>renam</strong></span> <span class='ocrx_word' id='word_1_323' title='bbox 1689 3099 1708 3165; x_wconf 93' lang='lat'>(</span> <span class='ocrx_word' id='word_1_324' title='bbox 1718 3116 1834 3146; x_wconf 87' lang='lat' dir='ltr'><strong>num</strong></span> <span class='ocrx_word' id='word_1_325' title='bbox 1855 3096 2226 3161; x_wconf 73' lang='lat' dir='ltr'><strong>Volaterramt’)</strong></span> <span class='ocrx_word' id='word_1_326' title='bbox 2244 3098 2331 3144; x_wconf 84' lang='lat' dir='ltr'><strong>uhi</strong></span> <span class='ocrx_word' id='word_1_327' title='bbox 2349 3110 2398 3146; x_wconf 91' lang='lat' dir='ltr'><strong>et</strong></span> <span class='ocrx_word' id='word_1_328' title='bbox 2417 3098 2521 3146; x_wconf 83' lang='lat' dir='ltr'><strong>deae</strong></span> 
     </span>
     <span class='ocr_line' id='line_1_50' title="bbox 1501 3177 2518 3226; baseline -0.001 0"><span class='ocrx_word' id='word_1_329' title='bbox 1501 3195 1684 3226; x_wconf 87' lang='lat' dir='ltr'><strong>nomen</strong></span> <span class='ocrx_word' id='word_1_330' title='bbox 1703 3179 1821 3225; x_wconf 89' lang='lat' dir='ltr'><strong>olim</strong></span> <span class='ocrx_word' id='word_1_331' title='bbox 1842 3178 2005 3225; x_wconf 80' lang='lat' dir='ltr'><strong>fuerit.</strong></span> <span class='ocrx_word' id='word_1_332' title='bbox 2032 3177 2093 3224; x_wconf 86' lang='lat' dir='ltr'><strong>Id</strong></span> <span class='ocrx_word' id='word_1_333' title='bbox 2115 3192 2215 3224; x_wconf 88' lang='lat' dir='ltr'><strong>non</strong></span> <span class='ocrx_word' id='word_1_334' title='bbox 2244 3177 2474 3225; x_wconf 86' lang='lat' dir='ltr'><strong>abhorret</strong></span> <span class='ocrx_word' id='word_1_335' title='bbox 2489 3195 2518 3225; x_wconf 90' lang='lat' dir='ltr'><strong>a</strong></span> 
     </span>
     <span class='ocr_line' id='line_1_51' title="bbox 1501 3256 2520 3315; baseline 0 -10"><span class='ocrx_word' id='word_1_336' title='bbox 1501 3273 1619 3305; x_wconf 85' lang='lat' dir='ltr'><strong>vero</strong></span> <span class='ocrx_word' id='word_1_337' title='bbox 1637 3291 1651 3315; x_wconf 95' lang='lat'><strong><em>‚</em></strong></span> <span class='ocrx_word' id='word_1_338' title='bbox 1676 3258 1841 3304; x_wconf 90' lang='lat' dir='ltr'><strong>locum</strong></span> <span class='ocrx_word' id='word_1_339' title='bbox 1874 3257 1929 3303; x_wconf 91' lang='lat' dir='ltr'><strong>in</strong></span> <span class='ocrx_word' id='word_1_340' title='bbox 1964 3256 2123 3303; x_wconf 87' lang='lat' dir='ltr'><strong>media</strong></span> <span class='ocrx_word' id='word_1_341' title='bbox 2153 3256 2520 3305; x_wconf 75' lang='lat' dir='ltr'><strong>veluti-Etruria</strong></span> 
     </span>
     <span class='ocr_line' id='line_1_52' title="bbox 1499 3335 2523 3400; baseline 0.001 -17"><span class='ocrx_word' id='word_1_342' title='bbox 1499 3338 1665 3394; x_wconf 85' lang='lat' dir='ltr'><strong>fuisse,</strong></span> <span class='ocrx_word' id='word_1_343' title='bbox 1675 3348 1845 3400; x_wconf 37' lang='lat' dir='ltr'><strong>‚aptum</strong></span> <span class='ocrx_word' id='word_1_344' title='bbox 1859 3335 2119 3383; x_wconf 87' lang='lat' dir='ltr'><strong>duodecim</strong></span> <span class='ocrx_word' id='word_1_345' title='bbox 2132 3335 2334 3383; x_wconf 86' lang='lat' dir='ltr'><strong>urbibus</strong></span> <span class='ocrx_word' id='word_1_346' title='bbox 2345 3371 2360 3394; x_wconf 94' lang='lat'><strong>,</strong></span> <span class='ocrx_word' id='word_1_347' title='bbox 2380 3353 2407 3383; x_wconf 84' lang='lat' dir='ltr'><strong>e</strong></span> <span class='ocrx_word' id='word_1_348' title='bbox 2420 3336 2523 3399; x_wconf 86' lang='lat' dir='ltr'><strong>qui·</strong></span> 
     </span>
     <span class='ocr_line' id='line_1_53' title="bbox 1501 3415 2520 3478; baseline -0.002 -14"><span class='ocrx_word' id='word_1_349' title='bbox 1501 3417 1594 3464; x_wconf 87' lang='lat' dir='ltr'><strong>bus</strong></span> <span class='ocrx_word' id='word_1_350' title='bbox 1612 3416 1676 3463; x_wconf 89' lang='lat' dir='ltr'><strong>ad</strong></span> <span class='ocrx_word' id='word_1_351' title='bbox 1693 3416 1899 3463; x_wconf 86' lang='lat' dir='ltr'><strong>eoncilia</strong></span> <span class='ocrx_word' id='word_1_352' title='bbox 1918 3415 2235 3463; x_wconf 84' lang='lat' dir='ltr'><strong>mittebantur</strong></span> <span class='ocrx_word' id='word_1_353' title='bbox 2250 3415 2411 3478; x_wconf 82' lang='lat' dir='ltr'><strong>legati.</strong></span> <span class='ocrx_word' id='word_1_354' title='bbox 2430 3416 2520 3462; x_wconf 79' lang='lat' dir='ltr'><strong>En.</strong></span> 
     </span>
     <span class='ocr_line' id='line_1_54' title="bbox 1503 3494 2414 3553; baseline -0.004 -12"><span class='ocrx_word' id='word_1_355' title='bbox 1503 3522 1571 3531; x_wconf 90' lang='lat'><strong>—</strong></span> <span class='ocrx_word' id='word_1_356' title='bbox 1588 3496 1835 3551; x_wconf 80' lang='lat' dir='ltr'><strong>Tumultu,</strong></span> <span class='ocrx_word' id='word_1_357' title='bbox 1861 3494 1974 3542; x_wconf 81' lang='lat' dir='ltr'><strong>vide</strong></span> <span class='ocrx_word' id='word_1_358' title='bbox 1995 3494 2058 3540; x_wconf 88' lang='lat' dir='ltr'><strong>ad</strong></span> <span class='ocrx_word' id='word_1_359' title='bbox 2081 3496 2156 3553; x_wconf 90' lang='lat'><strong>11,</strong></span> <span class='ocrx_word' id='word_1_360' title='bbox 2178 3494 2273 3551; x_wconf 86' lang='lat'><strong>26,</strong></span> <span class='ocrx_word' id='word_1_361' title='bbox 2295 3509 2343 3538; x_wconf 93' lang='grc' dir='ltr'><strong>ιι.</strong></span> <span class='ocrx_word' id='word_1_362' title='bbox 2371 3508 2414 3538; x_wconf 91' lang='lat'><strong>1.</strong></span> 
     </span>
    </p>

    <p class='ocr_par' dir='ltr' id='par_1_9' title="bbox 1572 3569 2523 3633">
     <span class='ocr_line' id='line_1_55' title="bbox 1572 3569 2523 3633; baseline -0.004 -12"><span class='ocrx_word' id='word_1_363' title='bbox 1572 3574 1619 3620; x_wconf 87' lang='grc'><strong>6.</strong></span> <span class='ocrx_word' id='word_1_364' title='bbox 1659 3575 1939 3633; x_wconf 81' lang='lat' dir='ltr'><strong>Bellumque</strong></span> <span class='ocrx_word' id='word_1_365' title='bbox 1966 3583 2102 3618; x_wconf 80' lang='lat' dir='ltr'><strong>tanto</strong></span> <span class='ocrx_word' id='word_1_366' title='bbox 2136 3569 2347 3633; x_wconf 82' lang='lat' dir='ltr'><strong>majore,</strong></span> <span class='ocrx_word' id='word_1_367' title='bbox 2374 3585 2523 3631; x_wconf 84' lang='lat' dir='ltr'><strong>quam</strong></span> 
     </span>
    </p>
   </div>
   <div class='ocr_carea' id='block_1_6' title="bbox 1494 3649 2523 3715">
    <p class='ocr_par' dir='ltr' id='par_1_10' title="bbox 1494 3649 2523 3715">
     <span class='ocr_line' id='line_1_56' title="bbox 1494 3649 2523 3715; baseline -0.005 -16"><span class='ocrx_word' id='word_1_368' title='bbox 1494 3652 1726 3715; x_wconf 79' lang='lat' dir='ltr'><strong>proximo</strong></span> <span class='ocrx_word' id='word_1_369' title='bbox 1744 3688 1758 3708; x_wconf 91' lang='lat'><strong>,</strong></span> <span class='ocrx_word' id='word_1_370' title='bbox 1790 3651 1892 3698; x_wconf 84' lang='lat' dir='ltr'><strong>scil.</strong></span> <span class='ocrx_word' id='word_1_371' title='bbox 1920 3649 2079 3707; x_wconf 85' lang='lat' dir='ltr'><strong>bello,</strong></span> <span class='ocrx_word' id='word_1_372' title='bbox 2101 3657 2279 3694; x_wconf 82' lang='lat' dir='ltr'><strong>conatu</strong></span> <span class='ocrx_word' id='word_1_373' title='bbox 2293 3681 2309 3702; x_wconf 89' lang='lat'><strong>,</strong></span> <span class='ocrx_word' id='word_1_374' title='bbox 2341 3658 2434 3694; x_wconf 86' lang='lat' dir='ltr'><strong>etc.</strong></span> <span class='ocrx_word' id='word_1_375' title='bbox 2452 3674 2523 3686; x_wconf 93' lang='lat'><strong>——</strong></span> 
     </span>
    </p>
   </div>
   <div class='ocr_carea' id='block_1_7' title="bbox 1505 3725 2522 3789">
    <p class='ocr_par' dir='ltr' id='par_1_11' title="bbox 1505 3725 2522 3789">
     <span class='ocr_line' id='line_1_57' title="bbox 1505 3725 2522 3789; baseline -0.002 -14"><span class='ocrx_word' id='word_1_376' title='bbox 1505 3731 1736 3777; x_wconf 81' lang='lat' dir='ltr'><strong>Proxime</strong></span> <span class='ocrx_word' id='word_1_377' title='bbox 1762 3732 1892 3789; x_wconf 74' lang='lat' dir='ltr'><strong>conj.</strong></span> <span class='ocrx_word' id='word_1_378' title='bbox 1913 3727 2218 3783; x_wconf 86' lang='lat' dir='ltr'><strong>Gronovius,</strong></span> <span class='ocrx_word' id='word_1_379' title='bbox 2243 3725 2298 3772; x_wconf 88' lang='lat' dir='ltr'><strong>id</strong></span> <span class='ocrx_word' id='word_1_380' title='bbox 2318 3738 2416 3785; x_wconf 87' lang='lat' dir='ltr'><strong>est,</strong></span> <span class='ocrx_word' id='word_1_381' title='bbox 2437 3744 2522 3773; x_wconf 86' lang='lat' dir='ltr'><strong>nu-</strong></span> 
     </span>
    </p>
   </div>
   <div class='ocr_carea' id='block_1_8' title="bbox 396 3802 2519 3871">
    <p class='ocr_par' dir='ltr' id='par_1_12' title="bbox 396 3802 2519 3871">
     <span class='ocr_line' id='line_1_58' title="bbox 396 3802 2519 3871; baseline -0.004 -17"><span class='ocrx_word' id='word_1_382' title='bbox 396 3808 625 3854; x_wconf 85' lang='lat' dir='ltr'><strong>Veientes</strong></span> <span class='ocrx_word' id='word_1_383' title='bbox 649 3817 698 3853; x_wconf 88' lang='lat' dir='ltr'><strong>et</strong></span> <span class='ocrx_word' id='word_1_384' title='bbox 720 3805 919 3863; x_wconf 83' lang='lat' dir='ltr'><strong>Falisci,</strong></span> <span class='ocrx_word' id='word_1_385' title='bbox 943 3803 1130 3868; x_wconf 85' lang='lat' dir='ltr'><strong>legatos</strong></span> <span class='ocrx_word' id='word_1_386' title='bbox 1153 3804 1281 3849; x_wconf 85' lang='lat' dir='ltr'><strong>eirea</strong></span> <span class='ocrx_word' id='word_1_387' title='bbox 1301 3802 1415 3849; x_wconf 88' lang='lat' dir='ltr'><strong>reli·</strong></span> <span class='ocrx_word' id='word_1_388' title='bbox 1494 3809 1720 3871; x_wconf 67' lang='lat' dir='ltr'><strong>per-rime,</strong></span> <span class='ocrx_word' id='word_1_389' title='bbox 1749 3809 1859 3852; x_wconf 82' lang='lat' dir='ltr'><strong>Hoc</strong></span> <span class='ocrx_word' id='word_1_390' title='bbox 1891 3820 2033 3851; x_wconf 76' lang='lat' dir='ltr'><strong>sensu</strong></span> <span class='ocrx_word' id='word_1_391' title='bbox 2061 3805 2237 3868; x_wconf 77' lang='lat' dir='ltr'><strong>saepius</strong></span> <span class='ocrx_word' id='word_1_392' title='bbox 2270 3804 2443 3853; x_wconf 74' lang='lat' dir='ltr'><strong>Cicero</strong></span> <span class='ocrx_word' id='word_1_393' title='bbox 2471 3818 2519 3854; x_wconf 76' lang='lat' dir='ltr'><strong>et</strong></span> 
     </span>
    </p>
   </div>
   <div class='ocr_carea' id='block_1_9' title="bbox 396 3883 1416 4025">
    <p class='ocr_par' dir='ltr' id='par_1_13' title="bbox 396 3883 1416 4025">
     <span class='ocr_line' id='line_1_59' title="bbox 397 3883 1416 3950; baseline -0.007 -17"><span class='ocrx_word' id='word_1_394' title='bbox 397 3900 521 3950; x_wconf 84' lang='lat' dir='ltr'><strong>quos</strong></span> <span class='ocrx_word' id='word_1_395' title='bbox 560 3883 746 3932; x_wconf 80' lang='lat' dir='ltr'><strong>misisse</strong></span> <span class='ocrx_word' id='word_1_396' title='bbox 779 3884 1029 3941; x_wconf 72' lang='lat' dir='ltr'><strong>«ficantur,</strong></span> <span class='ocrx_word' id='word_1_397' title='bbox 1057 3883 1142 3946; x_wconf 87' lang='lat' dir='ltr'><strong>qui</strong></span> <span class='ocrx_word' id='word_1_398' title='bbox 1168 3896 1283 3945; x_wconf 85' lang='lat' dir='ltr'><strong>ergo</strong></span> <span class='ocrx_word' id='word_1_399' title='bbox 1310 3891 1416 3927; x_wconf 84' lang='lat' dir='ltr'><strong>tan-</strong></span> 
     </span>
     <span class='ocr_line' id='line_1_60' title="bbox 396 3963 1416 4025; baseline -0.007 -12"><span class='ocrx_word' id='word_1_400' title='bbox 396 3977 499 4013; x_wconf 89' lang='lat' dir='ltr'><strong>tum</strong></span> <span class='ocrx_word' id='word_1_401' title='bbox 518 3965 687 4013; x_wconf 82' lang='lat' dir='ltr'><strong>decem</strong></span> <span class='ocrx_word' id='word_1_402' title='bbox 704 3964 924 4021; x_wconf 87' lang='lat' dir='ltr'><strong>fuerunt,</strong></span> <span class='ocrx_word' id='word_1_403' title='bbox 942 3963 1098 4010; x_wconf 83' lang='lat' dir='ltr'><strong>videri</strong></span> <span class='ocrx_word' id='word_1_404' title='bbox 1112 3971 1280 4025; x_wconf 87' lang='lat' dir='ltr'><strong>posset</strong></span> <span class='ocrx_word' id='word_1_405' title='bbox 1292 3974 1416 4023; x_wconf 79' lang='lat' dir='ltr'><strong>prae-</strong></span> 
     </span>
    </p>
   </div>
   <div class='ocr_carea' id='block_1_10' title="bbox 395 4035 1417 4105">
    <p class='ocr_par' dir='ltr' id='par_1_14' title="bbox 395 4035 1417 4105">
     <span class='ocr_line' id='line_1_61' title="bbox 395 4035 1417 4105; baseline -0.001 -15"><span class='ocrx_word' id='word_1_406' title='bbox 395 4043 592 4092; x_wconf 79' lang='lat' dir='ltr'><strong>ferenda</strong></span> <span class='ocrx_word' id='word_1_407' title='bbox 607 4044 756 4091; x_wconf 82' lang='lat' dir='ltr'><strong>lectio</strong></span> <span class='ocrx_word' id='word_1_408' title='bbox 774 4035 921 4091; x_wconf 85' lang='lat' dir='ltr'><strong>trium</strong></span> <span class='ocrx_word' id='word_1_409' title='bbox 942 4043 1066 4090; x_wconf 90' lang='lat' dir='ltr'><strong>MSS</strong></span> <span class='ocrx_word' id='word_1_410' title='bbox 1084 4042 1248 4087; x_wconf 81' lang='lat' dir='ltr'><strong>decem</strong></span> <span class='ocrx_word' id='word_1_411' title='bbox 1256 4057 1417 4105; x_wconf 85' lang='lat' dir='ltr'><strong>popu-</strong></span> 
     </span>
    </p>
   </div>
   <div class='ocr_carea' id='block_1_11' title="bbox 1504 3883 2519 4105">
    <p class='ocr_par' dir='ltr' id='par_1_15' title="bbox 1504 3883 2519 4105">
     <span class='ocr_line' id='line_1_62' title="bbox 1504 3883 2516 3942; baseline 0.002 -9"><span class='ocrx_word' id='word_1_412' title='bbox 1504 3887 1586 3933; x_wconf 85' lang='lat' dir='ltr'><strong>alii</strong></span> <span class='ocrx_word' id='word_1_413' title='bbox 1610 3902 1664 3933; x_wconf 82' lang='lat' dir='ltr'><strong>ea</strong></span> <span class='ocrx_word' id='word_1_414' title='bbox 1682 3900 1805 3931; x_wconf 87' lang='lat' dir='ltr'><strong>voce</strong></span> <span class='ocrx_word' id='word_1_415' title='bbox 1827 3884 1902 3930; x_wconf 83' lang='lat' dir='ltr'><strong>usi</strong></span> <span class='ocrx_word' id='word_1_416' title='bbox 1928 3893 2040 3930; x_wconf 87' lang='lat' dir='ltr'><strong>suut</strong></span> <span class='ocrx_word' id='word_1_417' title='bbox 2057 3895 2070 3931; x_wconf 69' lang='grc' dir='ltr'><strong>ε</strong></span> <span class='ocrx_word' id='word_1_418' title='bbox 2090 3883 2121 3930; x_wconf 90' lang='lat' dir='ltr'><strong>l.</strong></span> <span class='ocrx_word' id='word_1_419' title='bbox 2138 3899 2235 3930; x_wconf 85' lang='lat' dir='ltr'><strong>vm</strong></span> <span class='ocrx_word' id='word_1_420' title='bbox 2248 3919 2263 3942; x_wconf 94' lang='lat'><strong>,</strong></span> <span class='ocrx_word' id='word_1_421' title='bbox 2281 3884 2343 3932; x_wconf 87' lang='lat' dir='ltr'><strong>ad</strong></span> <span class='ocrx_word' id='word_1_422' title='bbox 2362 3886 2516 3935; x_wconf 80' lang='lat' dir='ltr'><strong>Attio.</strong></span> 
     </span>
     <span class='ocr_line' id='line_1_63' title="bbox 1507 3960 2293 4028; baseline -0.003 -17"><span class='ocrx_word' id='word_1_423' title='bbox 1507 3960 1649 4028; x_wconf 85' lang='lat' dir='ltr'><strong>epist.</strong></span> <span class='ocrx_word' id='word_1_424' title='bbox 1672 3965 1728 4020; x_wconf 87' lang='lat'><strong>3;</strong></span> <span class='ocrx_word' id='word_1_425' title='bbox 1756 3962 1840 4009; x_wconf 87' lang='lat' dir='ltr'><strong>lib.</strong></span> <span class='ocrx_word' id='word_1_426' title='bbox 1865 3977 1947 4021; x_wconf 62' lang='grc' dir='ltr'><strong>χι,</strong></span> <span class='ocrx_word' id='word_1_427' title='bbox 1973 3962 2113 4026; x_wconf 86' lang='lat' dir='ltr'><strong>epist.</strong></span> <span class='ocrx_word' id='word_1_428' title='bbox 2135 3979 2184 4009; x_wconf 83' lang='lat' dir='ltr'><strong>x.</strong></span> <span class='ocrx_word' id='word_1_429' title='bbox 2204 3964 2293 4009; x_wconf 82' lang='lat' dir='ltr'><strong>En.</strong></span> 
     </span>
     <span class='ocr_line' id='line_1_64' title="bbox 1577 4041 2519 4105; baseline 0.001 -16"><span class='ocrx_word' id='word_1_430' title='bbox 1577 4042 1697 4090; x_wconf 69' lang='lat' dir='ltr'><strong>Cn.</strong></span> <span class='ocrx_word' id='word_1_431' title='bbox 1729 4043 1921 4089; x_wconf 74' lang='lat' dir='ltr'><strong>XXIV.</strong></span> <span class='ocrx_word' id='word_1_432' title='bbox 1958 4057 1998 4088; x_wconf 90' lang='lat'><strong>1.</strong></span> <span class='ocrx_word' id='word_1_433' title='bbox 2043 4043 2122 4088; x_wconf 91' lang='lat' dir='ltr'><strong>Ea</strong></span> <span class='ocrx_word' id='word_1_434' title='bbox 2155 4058 2229 4089; x_wconf 81' lang='lat' dir='ltr'><strong>res</strong></span> <span class='ocrx_word' id='word_1_435' title='bbox 2266 4041 2519 4105; x_wconf 82' lang='lat' dir='ltr'><strong>aliquanto</strong></span> 
     </span>
    </p>
   </div>
   <div class='ocr_carea' id='block_1_12' title="bbox 399 4118 2518 4190">
    <p class='ocr_par' dir='ltr' id='par_1_16' title="bbox 399 4118 2518 4190">
     <span class='ocr_line' id='line_1_65' title="bbox 399 4118 2518 4190; baseline -0.001 -21"><span class='ocrx_word' id='word_1_436' title='bbox 399 4121 598 4171; x_wconf 82' lang='lat' dir='ltr'><strong>los:sed</strong></span> <span class='ocrx_word' id='word_1_437' title='bbox 611 4122 1074 4186; x_wconf 80' lang='lat' dir='ltr'><strong>duodecimpopulos</strong></span> <span class='ocrx_word' id='word_1_438' title='bbox 1083 4120 1256 4170; x_wconf 81' lang='lat' dir='ltr'><strong>eodem</strong></span> <span class='ocrx_word' id='word_1_439' title='bbox 1265 4121 1417 4173; x_wconf 81' lang='lat' dir='ltr'><strong>modo</strong></span> <span class='ocrx_word' id='word_1_440' title='bbox 1505 4119 1584 4185; x_wconf 90' lang='lat' dir='ltr'><strong>(v.</strong></span> <span class='ocrx_word' id='word_1_441' title='bbox 1611 4121 1674 4169; x_wconf 87' lang='lat' dir='ltr'><strong>ad</strong></span> <span class='ocrx_word' id='word_1_442' title='bbox 1694 4124 1746 4169; x_wconf 93' lang='grc' dir='ltr'><strong>ΙΙ</strong></span> <span class='ocrx_word' id='word_1_443' title='bbox 1760 4155 1775 4180; x_wconf 89' lang='grc'><em>,</em></span> <span class='ocrx_word' id='word_1_444' title='bbox 1804 4122 1894 4182; x_wconf 84' lang='grc'><strong>39,</strong></span> <span class='ocrx_word' id='word_1_445' title='bbox 1917 4137 1967 4169; x_wconf 90' lang='grc' dir='ltr'><strong>ιι.</strong></span> <span class='ocrx_word' id='word_1_446' title='bbox 1997 4118 2049 4184; x_wconf 92' lang='lat'><strong>1)</strong></span> <span class='ocrx_word' id='word_1_447' title='bbox 2072 4120 2381 4184; x_wconf 80' lang='lat' dir='ltr'><strong>tranquillior</strong></span> <span class='ocrx_word' id='word_1_448' title='bbox 2381 4119 2518 4190; x_wconf 56' lang='lat' dir='ltr'><strong>finit,</strong></span> 
     </span>
    </p>
   </div>
   <div class='ocr_carea' id='block_1_13' title="bbox 591 4213 692 4279">
    <p class='ocr_par' dir='ltr' id='par_1_17' title="bbox 591 4213 692 4279">
     <span class='ocr_line' id='line_1_66' title="bbox 591 4213 692 4279; baseline 0.01 -1"><span class='ocrx_word' id='word_1_449' title='bbox 591 4213 692 4279; x_wconf 90' lang='lat' dir='ltr'><strong>II.</strong></span> 
     </span>
    </p>
   </div>
   <div class='ocr_carea' id='block_1_14' title="bbox 2137 4211 2277 4291">
    <p class='ocr_par' dir='ltr' id='par_1_18' title="bbox 2137 4211 2277 4291">
     <span class='ocr_line' id='line_1_67' title="bbox 2137 4211 2277 4291; baseline 0 -47"><span class='ocrx_word' id='word_1_450' title='bbox 2137 4211 2180 4291; x_wconf 68' lang='lat'>4</span> <span class='ocrx_word' id='word_1_451' title='bbox 2271 4237 2277 4244; x_wconf 83' lang='grc'><strong>.</strong></span> 
     </span>
    </p>
   </div>
  </div>
 </body>
</html>
