3000 4717
477 370 618 466 296

1315 374 1392 440 T.
1459 375 1734 444 LIVII

2307 361 2355 397 A.
2383 360 2428 398 C.
2460 363 2552 414 377.

2308 418 2361 457 U.
2377 421 2426 458 G.
2455 422 2552 474 375.

476 499 681 564 vocis
727 500 797 563 in
853 490 1081 563 oculis
1117 508 1339 590 atque
1386 500 1460 565 in
1508 497 1801 568 auribus
1827 498 2029 588 fore.
2088 502 2230 568 Has
2274 499 2602 571 inanium

472 627 715 675 rerum
769 604 1020 674 inanes
1071 604 1261 701 ipsas
1304 604 1678 678 volventes
1730 608 2237 704 eogitatione3‚
2293 607 2633 681 fortuuae-

471 711 611 783 loci
659 713 1163 812 delegaverant
1208 739 1371 812 spes
1408 740 1572 787 suas
1601 719 1653 786 4.
1714 719 2023 789 Romani
2063 734 2353 807 contra,
2423 720 2602 791 Ubi-

480 850 787 920 cumque
838 842 1019 895 esset
1062 829 1355 895 Latinus
1390 825 1640 914 hostis,
1693 833 1868 899 satis
1922 834 2101 900 scire
2114 882 2137 916 ‚
2191 854 2356 900 eum
2409 854 2595 917 esse,

474 959 687 1032 quem
704 987 724 1019 ,
755 933 860 1002 ad
871 932 1235 1031 Regillum
1262 932 1499 1005 lacum
1518 935 1902 1023 devictum,
1934 952 2207 1008 centum
2238 963 2598 1010 annorum
2696 963 2701 967 ·

463 1069 656 1142 pace
692 1043 1020 1114 obnoxia
1052 1050 1408 1114 tenuerint
1424 1042 1476 1114 ⁵.
1523 1049 1794 1118 Locum
1813 1098 1833 1131 ‚
1866 1052 2207 1144 insignem
2249 1053 2599 1120 memoria

472 1153 705 1224 cladis
722 1207 741 1237 ‚
790 1160 1224 1225 irritatur-um
1262 1180 1338 1225 se
1350 1161 1600 1252 potius
1625 1154 1739 1241 ad
1758 1156 2146 1228 delendam
2173 1164 2598 1228 memoriam

471 1265 873 1350 dedecoris,
912 1290 1136 1363 quam
1188 1283 1274 1337 ut
1305 1271 1627 1337 timorem
1637 1269 1914 1358 faciat,
1957 1292 2048 1338 ne
2096 1292 2246 1365 qua
2291 1283 2476 1339 terra
2511 1275 2604 1339 sit

471 1379 757 1467 nefasta
784 1382 1111 1448 victoriae
1128 1402 1283 1447 suae
1296 1373 1350 1447 ⁶.
1379 1381 1571 1469 Quin
1590 1382 1734 1474 ipsi
1746 1377 1888 1449 sibi
1896 1376 2095 1449 Galli
2112 1383 2179 1447 si
2198 1378 2621 1467 offirantur-

472 1485 595 1555 illo
631 1485 787 1555 loco
806 1538 828 1571 ,
868 1510 945 1560 se
973 1494 1072 1556 ita
1097 1495 1556 1584 pugnaturos
1573 1540 1591 1570 ‚
1631 1500 1713 1556 ut
1737 1493 1994 1559 Bomoe
2015 1494 2499 1583 pugnaverint
2521 1493 2598 1558 in

467 1706 580 1738 nam
592 1690 829 1756 contingi,
854 1690 988 1753 quod
1008 1690 1068 1737 de
1083 1689 1393 1749 hominibus,
1412 1690 1489 1738 vel

466 1769 643 1816 morbo
673 1769 983 1831 contagioso,
1012 1770 1086 1815 vel
1114 1769 1350 1817 veneficio
1368 1803 1383 1829 ‚
1412 1769 1489 1816 vel

464 1847 693 1906 fulmine,
720 1848 798 1896 vel
820 1848 1020 1894 numine
1045 1847 1186 1894 tactis
1213 1847 1410 1907 dieitur,
1427 1848 1490 1895 ad

464 1926 581 1975 alins
605 1942 680 1974 res
700 1928 824 1976 male
841 1938 890 1974 et
908 1927 1117 1990 graviter
1134 1927 1356 1986 affectas,
1376 1942 1490 1975 eon-

464 2006 744 2064 taminatas‚
770 2006 1007 2071 pollutas,
1034 2006 1343 2065 transfertur,
1372 2023 1416 2054 v.
1443 2023 1486 2054 e.

464 2086 564 2133 VII
580 2121 594 2143 ,
622 2088 654 2132 6
683 2097 805 2134 extr.
826 2097 1054 2132 contacta
1075 2085 1139 2131 ab
1155 2100 1212 2131 eo
1238 2085 1458 2148 auspicia
1465 2103 1487 2142 ,-

465 2166 614 2213 Doer.
634 2165 815 2214 Confer
833 2163 897 2212 ad
914 2167 988 2223 11,
1012 2164 1043 2211 5
1054 2199 1069 2223 ,
1093 2180 1144 2211 n.
1168 2165 1196 2211 3
1219 2175 1267 2210 et
1286 2179 1336 2210 n.
1360 2170 1418 2222 43
1438 2175 1488 2210 et

467 2246 619 2302 VIII,
653 2260 732 2303 17,
758 2260 808 2291 n.
838 2260 880 2290 1.

537 2331 584 2378 4.
611 2325 838 2368 Fortuna·
863 2320 959 2368 Ioci
982 2311 1342 2383 delegaverant,
1376 2335 1486 2382 per-

466 2401 695 2447 miserant
712 2435 725 2457 ‚
748 2415 853 2462 spes
876 2415 1015 2454 suas,
1050 2413 1187 2461 spem
1214 2413 1409 2445 omnem
1436 2400 1488 2445 in

462 2481 576 2526 loco
590 2477 823 2525 Romanis
837 2477 971 2523 fatali
984 2476 1342 2523 collocaverant
1351 2509 1366 2534 ,
1385 2492 1488 2524 non

462 2559 516 2605 in
539 2557 719 2604 virtute
742 2572 842 2609 sua.
866 2554 1104 2618 Delegare
1124 2554 1298 2612 alicui,
1321 2554 1398 2601 vel
1420 2554 1494 2601 ad

462 2636 675 2700 aliquem
694 2634 817 2699 quid
831 2644 902 2680 est
921 2634 1224 2698 committere
1243 2634 1331 2692 illi,
1353 2634 1488 2698 quod

461 2715 555 2763 tibi
584 2715 679 2779 ipsi
704 2712 978 2761 faciendum
997 2713 1060 2760 sit
1075 2746 1089 2768 ‚
1121 2724 1175 2760 ut
1192 2713 1247 2759 in
1265 2728 1317 2759 re
1336 2729 1487 2777 pecu-

462 2796 641 2853 niaria,
663 2795 704 2841 si
723 2792 920 2858 quando
942 2792 1023 2842 alii
1042 2792 1331 2839 solvendum
1351 2807 1485 2839 eom-

463 2875 726 2933 mittimus,
755 2871 890 2937 quod
911 2871 1056 2922 nobis
1082 2870 1371 2918 solvendum
1390 2881 1485 2929 est;

462 2955 644 3002 Stroth.
681 2953 761 3001 Sic
797 2962 846 2998 et
880 2951 1058 3015 passim
1095 2964 1187 3013 pro
1224 2945 1487 2997 attribuere

460 3034 606 3081 alicui
632 3044 682 3079 et
707 3030 771 3078 ad
797 3046 909 3078 eum
931 3030 1124 3077 referre.
1148 3030 1368 3086 Conf.V‚
1392 3044 1485 3088 πο,

464 3130 515 3159 n.
542 3112 798 3169 25;V11,
826 3110 883 3167 83
909 3110 1006 3165 IX,
1040 3109 1127 3166 ¹33
1158 3109 1231 3164 X,
1270 3123 1358 3169 19,
1387 3124 1484 3169 273

463 3193 609 3248 XXI,
627 3192 692 3244 46
708 3200 832 3236 extr.
847 3187 1095 3244 XXXIV,
1112 3186 1201 3245 573
1226 3187 1459 3233 XXXIX
1472 3219 1487 3243 ,

464 3270 560 3330 283
591 3270 746 3315 Gron.
771 3277 819 3314 et
843 3266 994 3314 Drak.
1020 3264 1084 3311 ad
1111 3265 1362 3323 XXVIII,
1391 3273 1484 3324 423

461 3347 651 3397 Ernesti
673 3348 792 3393 Exc.
814 3344 878 3392 ad
896 3342 1140 3391 Suet.Tih.
1158 3342 1236 3388 16.
1355 3360 1361 3367 ·

536 3428 584 3474 5.
622 3427 772 3487 Quem
803 3422 876 3469 ad
897 3410 1131 3485 Regillum
1163 3421 1325 3467 lacum
1355 3421 1483 3470 devi-

461 3519 592 3554 ctum
619 3503 762 3569 (vide
792 3504 873 3558 11,
913 3516 1002 3561 19⁵
1029 3498 1151 3561 20),
1176 3511 1369 3546 eentum
1391 3516 1480 3547 an..

460 3602 634 3634 norum
651 3596 783 3647 paee
810 3578 970 3642 (conf.
998 3580 1048 3625 11
1064 3611 1078 3635 ‚
1108 3579 1192 3634 33,
1219 3588 1266 3624 et
1294 3579 1388 3637 VI,
1418 3576 1480 3643 2)

456 3663 678 3713 obnoxia
707 3658 969 3714 tenuerint,
992 3656 1091 3704 hoo
1120 3668 1218 3714 est,
1245 3673 1395 3720 pace,
1422 3658 1484 3704 iis

458 3739 828 3791 conditionibus
854 3739 1004 3794 facta,
1028 3747 1083 3783 ut
1103 3736 1309 3784 obnoxii
1324 3748 1485 3785 essent

457 3821 693 3871 Romanis
731 3818 937 3882 (eorum
984 3816 1192 3880 imperio
1244 3814 1484 3879 subjecti)

459 3898 643 3956 Latini,
659 3897 843 3945 Stroth.
860 3896 944 3958 qui
963 3896 1108 3941 etiam
1125 3905 1292 3941 monet
1311 3911 1480 3958 propr.

457 3976 721 4026 dicendum
747 3976 896 4021 fixisse
923 3973 1215 4030 obnoxium,
1246 3974 1333 4021 sed
1353 3990 1482 4038 saepe

455 4055 753 4115 adjectivum
778 4053 840 4100 ad
865 4053 998 4100 aliud
1020 4053 1257 4100 substant.
1286 4054 1483 4113 eonfor-

459 4134 578 4192 mari
593 4167 606 4191 ‚
634 4147 775 4196 quam
808 4130 869 4182 ad
898 4131 1032 4194 quod
1062 4131 1366 4178 referendum
1390 4132 1479 4190 sit3

1579 1690 1692 1739 vide
1714 1690 1778 1738 ad
1795 1692 1844 1749 1,
1879 1707 1923 1748 1,
1942 1706 1991 1737 n.
2015 1691 2073 1748 6;
2099 1691 2170 1748 11,
2199 1691 2296 1748 64,
2315 1706 2365 1737 n.
2386 1705 2435 1736 α.
2458 1710 2482 1729 κ
2506 1686 2599 1733 Ob·

1577 1769 1735 1817 noxia
1763 1781 1964 1817 vocatur
1986 1786 2098 1833 pax
2122 1770 2204 1816 illa
2219 1803 2233 1827 ‚
2259 1769 2488 1833 quoniam
2508 1784 2598 1832 per

1577 1849 1709 1897 illam
1730 1849 1892 1897 Latini
1922 1848 2059 1912 quasi
2091 1849 2145 1895 in
2181 1859 2471 1913 potestatem
2501 1845 2599 1894 Ro·

1577 1944 1831 1976 manorum
1853 1928 2074 1975 venerint
2104 1938 2153 1974 et
2184 1927 2279 1974 sub
2306 1927 2492 1976 ditione
2514 1940 2599 1973 eo-

1577 2024 1684 2057 rum
1716 2009 1967 2067 venerint;
2002 2007 2132 2053 unde
2166 2007 2403 2072 subjectus
2435 2016 2484 2053 et
2514 2005 2598 2052 ob-

1576 2088 1754 2135 noxius
1793 2088 2065 2150 junguntur
2104 2087 2226 2146 Vn,
2270 2088 2357 2144 30,
2400 2097 2449 2133 et
2487 2084 2599 2149 paci

1576 2166 1807 2214 obnoxiae
1848 2166 2120 2231 opponitur
2151 2181 2264 2230 poa·
2305 2180 2450 2228 oequa
2492 2165 2603 2212 sive

1575 2262 1768 2308 oequum
1781 2244 1951 2309 foedus
1986 2247 2089 2303 IX,
2118 2260 2211 2303 πο,
2238 2254 2285 2290 et
2307 2243 2367 2289 al.
2386 2265 2410 2283 ›-
2442 2242 2599 2290 Drak.

1577 2323 1679 2371 Alii
1706 2323 1973 2381 obnoxiam
1992 2340 2168 2387 pacem
2189 2321 2239 2369 h.
2262 2322 2295 2368 l.
2323 2332 2371 2367 et
2394 2322 2499 2378 IX,
2530 2337 2598 2369 10

1576 2418 1652 2465 pr.
1677 2401 1776 2449 diei
1798 2413 1972 2466 putant
1998 2403 2076 2449 vel
2104 2414 2293 2465 turpem
2311 2410 2361 2447 et
2385 2401 2600 2463 ignomi-

1577 2480 1793 2541 niosam,
1820 2482 1897 2530 vel
1926 2482 2146 2545 iniquam
2161 2515 2175 2538 ,
2200 2479 2334 2527 velut
2359 2479 2599 2527 vincentis

1578 2559 1781 2612 arbitrio
1804 2560 2240 2625 circumscriptam,
2264 2570 2317 2605 et
2337 2558 2392 2604 in
2418 2574 2511 2622 qua
2534 2558 2599 2605 ti-

1577 2655 1687 2686 mor
1703 2639 2112 2686 alterius'relictus
2131 2639 2210 2685 sit.
2230 2641 2376 2685 Forte
2389 2636 2440 2684 h.
2452 2637 2485 2684 l.
2501 2636 2596 2700 leg.

1578 2718 1859 2766 obnoxium.
1881 2718 1957 2766 Cf.
1975 2717 2039 2766 ad
2057 2719 2158 2774 111,
2185 2718 2279 2777 39,
2302 2732 2353 2764 n.
2380 2732 2422 2764 1.

1647 2798 1695 2844 6.
1725 2798 1800 2842 Ne
1820 2813 1944 2859 qua,
1968 2796 2152 2859 aliqua,
2172 2807 2303 2842 terra
2326 2794 2391 2841 sie
2405 2792 2600 2858 nefasta

1574 2874 1799 2938 <victoria
1814 2891 1938 2931 suoe,
1965 2891 2052 2931 ne,
2076 2873 2483 2936 quemadmodum
2505 2874 2601 2920 Ro-

1575 2954 1729 3000 manis
1747 2952 1848 3020 dies
1869 2950 2048 3016 nefasti
2062 2968 2166 2999 esse
2183 2953 2402 3016 possint,
2425 2953 2478 2998 in
2496 2952 2602 3015 qui·

1575 3031 1666 3078 bus
1685 3046 1825 3093 agere
1841 3030 2027 3092 aliquid
2045 3031 2271 3094 religioni
2284 3031 2379 3078 sibi
2393 3031 2600 3092 ducant,

1575 3110 1646 3157 sic
1671 3121 1719 3156 et
1741 3120 1867 3156 terra
1890 3109 1955 3156 sit
1975 3109 2099 3169 ulla,
2125 3110 2178 3156 in
2204 3127 2298 3173 qua
2322 3126 2373 3156 se
2393 3109 2600 3157 ·vineere

1575 3204 1679 3236 non
1695 3203 1839 3252 posse
1858 3199 2047 3251 putent.
2068 3191 2143 3237 lta
2164 3190 2346 3237 Stroth.
2361 3190 2447 3252 qui
2467 3200 2601 3237 reete

1569 3266 1670 3325 jam
1699 3268 1916 3324 monuit,
1952 3267 2058 3314 haee
2090 3268 2239 3315 verba
2277 3278 2497 3332 spectare
2535 3267 2600 3315 ad

1571 3345 1652 3392 illa
1675 3346 1950 3392 Latinorum
1962 3380 1977 3404 ‚
2006 3346 2068 3392 de
2086 3346 2264 3409 quibus
2282 3345 2395 3394 vide
2413 3357 2519 3393 not.
2538 3362 2566 3393 2
2580 3380 2597 3405 ‚

1572 3435 1621 3471 et
1636 3424 1689 3470 in
1710 3424 1950 3473 vocabulo
1967 3423 2186 3488 nefasta,
2202 3441 2230 3472 a
2249 3424 2330 3471 die
2342 3425 2407 3472 ad
2423 3436 2599 3472 terram

1570 3502 1822 3561 translato,
1837 3514 1890 3550 ut
1904 3504 1956 3549 in
1968 3503 2214 3566 plerisque
2229 3503 2434 3550 vocibus
2448 3515 2602 3551 trans-
2640 3489 2646 3494 ⁴

1569 3582 1680 3629 latis
1690 3616 1704 3640 ,
1718 3582 1844 3629 hane
1858 3582 2090 3629 virtutem
2104 3597 2208 3628 esse
2219 3616 2234 3640 ‚
2250 3592 2306 3629 ut
2323 3581 2467 3628 simul
2483 3583 2600 3629 ima-

1573 3661 1735 3721 ginem
1756 3661 1936 3708 excitet
1954 3661 2056 3719 ejus
2075 3660 2178 3717 rei,
2210 3676 2238 3706 a
2269 3676 2364 3723 qua
2396 3661 2599 3708 ductum

1572 3740 1663 3798 sit,
1689 3755 1845 3802 eoque
1871 3739 2013 3786 simul
2039 3736 2286 3785 efficacius
2310 3738 2375 3785 ad
2398 3755 2501 3787 rem
2522 3740 2598 3785 vi-

1572 3817 1735 3865 vidius
1776 3816 2136 3881 depingendam
2172 3817 2423 3864 exsistere.
2464 3818 2594 3865 Nota
2648 3813 2655 3820 ’

1572 3895 1725 3943 Drak.
1759 3907 1831 3942 est
1859 3910 1872 3944 :
1910 3918 1932 3937 α
1961 3897 2109 3942 Terra
2144 3894 2338 3959 nefasta
2369 3891 2598 3943 victorioe

1568 3990 1670 4021 suoe
1686 3986 1826 4023 notat
1848 3986 2022 4022 terram
2035 4009 2049 4029 ,
2080 3990 2174 4036 qua
2191 3973 2287 4020 sibi
2306 3989 2409 4021 non
2424 3973 2569 4021 liceat
2587 4007 2604 4032 ‚

1571 4054 1705 4101 nefas
1727 4053 1789 4114 sit
1815 4053 2040 4101 vincere:
2065 4064 2122 4100 ut
2146 4051 2360 4116 nefastus
2384 4068 2479 4116 pro
2505 4052 2596 4100 illi-

1570 4132 1690 4179 citus
1709 4131 1840 4197 apud
1859 4132 2077 4183 Curtium
2093 4165 2107 4189 ‚
2121 4133 2242 4188 VII,
2273 4131 2320 4188 5,
2348 4130 2493 4178 Nihil
2509 4126 2600 4177 ulli
