3000 4717
483 340 624 437 [196
1328 338 1402 403 T.
1469 335 1740 403 [ΠΗ
2307 313 2435 415 ῧζὲῑ
2458 315 2556 424 {321

481 464 943 555 infestissimis
995 456 1315 529 hostibus
1372 456 1847 547 defendissent
1862 508 1883 542 ,
1930 455 2180 525 eadem
2230 480 2340 542 se,
2401 458 2610 550 cujus

483 571 703 643 ductu
736 573 1203 666 auspicioque
1235 572 1632 652 vicissent&
1672 564 1770 634 ab
1797 571 2167 662 impotenti
2190 566 2609 638 crudelitate

481 682 845 754 dictatoris
872 692 1288 749 tutarentur.
1343 682 1598 747 Venire
1621 690 1977 746 amentem
2008 674 2271 745 invidia
2287 729 2309 761 ,
2342 684 2607 747 iratum

484 796 732 862 virtuti
761 787 1558 883 alienoefelicitatique3
1573 788 1860 877 furere,
1906 785 2139 882 quod,
2177 811 2250 856 se
2275 786 2601 873 absente,

483 901 745 999 respub
754 899 893 972 lica
925 904 1197 996 egregie
1220 914 1424 994 gesta
1442 908 1469 938 ²
1498 913 1716 969 esset.-
1753 895 1972 967 malle
1989 951 2011 983 ,
2049 902 2115 968 si
2144 913 2424 967 mutare
2431 899 2602 987 sor-

481 1029 732 1083 tunam
746 1026 1030 1109 posset,
1066 1008 1276 1106 apud
1293 1013 1683 1094 Samnites,
1716 1033 1938 1106 quam
1963 1012 2362 1094 Romanos,
2390 1015 2605 1079 victo-

481 1130 667 1193 riam
706 1147 877 1193 esse.
922 1125 1310 1218 Imperium
1345 1119 1668 1191 dictitare
1694 1134 2007 1216 spretum
2023 1170 2045 1202 ,
2083 1134 2432 1213 tanquam
2461 1141 2606 1186 non

485 1228 738 1303 eadem
769 1244 1003 1299 mente
1013 1233 1337 1325 pugnari
1353 1233 1660 1298 vetuerit
1671 1269 1700 1313 ,·
1729 1231 1878 1324 qua
1886 1243 2294 1324 pugnatum
2318 1225 2601 1296 doleat.-

484 1359 556 1414 et
597 1359 764 1413 tunc
811 1346 884 1410 in
893 1341 1085 1409 vidia
1131 1339 1475 1434 impedire
1521 1346 1853 1409 virtutem
1902 1337 2219 1408 alienam
2255 1335 2600 1423 voluisse,

490 1448 1109 1548 cupidissimisque
1134 1471 1346 1516 arma
1371 1447 1783 1519 ablaturum
1799 1448 2042 1540 fuisse
2073 1447 2401 1519 militibus
2414 1501 2435 1532 ,
2475 1472 2601 1534 ne,

485 1587 562 1634 se
609 1560 929 1644 absente,
980 1563 1249 1627 moveri
1274 1573 1570 1654 possent
1605 1585 1626 1626 .·
1675 1574 1745 1629 et
1786 1582 1979 1628 nunc
2004 1554 2032 1600 ³
2074 1556 2155 1628 id
2174 1561 2435 1647 furere
2453 1611 2474 1643 ,
2529 1556 2613 1627 id

488 1697 676 1768 aegre
708 1677 902 1768 pati,
951 1667 1156 1765 quod
1194 1674 1349 1738 sine
1384 1671 1458 1737 L.
1504 1673 1844 1766 Papirio,
1896 1673 2039 1738 non
2089 1673 2419 1753 inermes,
2460 1692 2610 1738 non

488 1787 732 1856 manci
768 1779 1025 1852 milites
1038 1781 1357 1869 fuerint,
1400 1779 1609 1875 quod
1637 1805 1712 1851 se
1751 1783 1836 1871 Q.
1880 1778 2150 1849 Fabius
2192 1784 2608 1876 magistrum

487 1902 806 1991 equitum
839 1892 1128 1962 duxerit
1138 1893 1193 1975 4,
1234 1916 1322 1960 ac
1349 1914 1494 1961 non
1531 1914 1913 1961 accensum
1932 1885 1962 1930 ⁵
1991 1888 2377 1960 dictatoris.
2413 1887 2614 1979 Quid

488 2003 692 2075 illum
725 2005 1111 2094 facturum
1148 2002 1387 2091 fuisse
1408 2053 1427 2082 ,
1486 2005 1584 2085 si,
1636 2000 1841 2097 quod
1886 1997 2056 2070 belli
2104 2025 2316 2072 casus
2350 2003 2653 2091 ferunt·

487 2120 826 2211 Marsque
872 2116 1270 2184 communis
1296 2106 1354 2196 ⁶,
1404 2111 1707 2182 adversa
1744 2136 2010 2208 pugna
2059 2117 2430 2192 evenisset,-
2484 2116 2614 2206 qui

487 2223 657 2307 sibi,
710 2223 985 2292 devictis
1029 2220 1346 2292 hostibus
1366 2274 1384 2305 ,
1436 2220 1803 2318 republica
1841 2222 2017 2292 bene
2054 2238 2253 2318 gesta
2281 2232 2328 2305 ⁷,
2382 2226 2480 2289 ita
2516 2224 2608 2289 'ut

489 2356 635 2402 non
657 2331 756 2401 ab
779 2330 906 2401 illo
935 2336 1145 2400 unico
1174 2330 1359 2399 duce
1379 2328 1634 2400 melius
1654 2338 1812 2427 geri
1809 2337 2160 2426 potuerit,
2178 2326 2609 2428 supplicium

488 2446 829 2537 magistro
884 2445 1199 2535 equitum
1256 2445 1566 2510 minetur
1593 2441 1631 2507 Ρ
1687 2444 1946 2538 Neque
2011 2440 2207 2512 illum
2269 2446 2608 2536 magistro

489 2554 811 2647 equitum
864 2549 1300 2640 infestiorem
1318 2601 1339 2633 ,
1392 2573 1615 2645 quam
1660 2550 1958 2621 tribunis
2001 2550 2301 2622 militum
2320 2605 2339 2636 ,
2388 2573 2608 2646 quam

492 2658 1022 2732 centurionibus
1041 2712 1059 2742 ‚
1104 2682 1325 2755 quam
1368 2660 1706 2732 militibus
1733 2687 1902 2733 esse.
1946 2665 2025 2733 Si
2036 2668 2302 2759 possit,
2344 2666 2418 2729 in
2455 2684 2609 2729 om-

488 2794 612 2842 nes
647 2775 1061 2841 saeviturum
1076 2771 1316 2860 fuisse
1338 2798 1358 2838 .·
1396 2777 1575 2867 quia
1615 2770 1696 2841 id
1727 2788 2076 2867 nequeat,
2121 2779 2196 2841 in
2231 2796 2456 2841 unum
2480 2792 2608 2839 sce·

495 2886 653 2950 vire.
688 2885 931 2950 Etiam
957 2877 1300 2951 invidiam
1317 2936 1335 2966 ,
1371 2894 1719 2979 tanquam
1746 2890 2008 2978 ignem,
2037 2907 2322 2953 summa
2327 2896 2570 2978 petere
2578 2906 2607 2965 ‚-

492 2994 568 3059 in
609 3005 832 3085 caput
862 2987 1170 3075 consilii,
1212 2996 1285 3060 in
1314 2990 1572 3062 ducem
1600 2997 1968 3063 incurrere.
2011 2998 2092 3063 Si
2110 3018 2189 3063 se
2209 2989 2426 3063 simul
2447 3014 2608 3060 cum

561 3201 682 3249 Cn.
700 3202 897 3249 XXXI.
921 3218 965 3250 1.
985 3204 1068 3259 Se,
1100 3202 1235 3267 cujus
1249 3202 1395 3251 ductu
1416 3220 1507 3251 au·
1595 3215 1672 3252 sta
1688 3217 1831 3263 esset,
1849 3205 1963 3252 vide
1980 3206 2041 3253 ad
2051 3206 2138 3254 lib.
2158 3208 2232 3264 11,
2252 3222 2358 3270 cap.
2379 3205 2446 3261 64
2459 3239 2475 3265 ‚
2493 3220 2541 3250 ιι.
2561 3204 2608 3251 3.

491 3279 736 3344 spicioque
755 3280 1005 3338 vicissent,
1037 3281 1150 3328 vide
1172 3281 1234 3328 ad
1252 3284 1317 3341 V,
1337 3284 1402 3338 46
1416 3318 1430 3342 ‚
1455 3297 1506 3331 n.
1672 3286 1794 3332 3.Ee
1804 3300 1931 3331 nunc
1945 3285 2010 3333 ob
2025 3285 2081 3333 id
2075 3284 2416 3350 fitrere...non
2429 3282 2608 3340 manci,

463 3383 468 3390 ·
495 3374 573 3406 10.
592 3385 663 3396 --
684 3361 779 3409 Hic
810 3375 914 3407 non
946 3360 1150 3407 omnino
1178 3372 1401 3409 accurate
1433 3363 1509 3410 lo·
1597 3364 1768 3411 confer
1790 3364 1851 3410 ad
1877 3365 2001 3422 VII,
2034 3366 2094 3412 13
2112 3399 2126 3424 ,
2153 3381 2202 3412 ιι.
2233 3380 2280 3410 2.

491 3448 717 3500 quentem
753 3439 869 3486 facit
895 3439 1096 3486 Fabium
1120 3439 1303 3487 Livius.
1349 3442 1509 3487 Ductu
1670 3450 1717 3497 4.
1762 3442 1908 3504 Quod
1943 3459 1994 3491 se
2035 3445 2093 3505 Q.
2127 3442 2305 3489 Fabius
2329 3441 2615 3506 magistrum

489 3515 687 3579 quidem
710 3517 926 3581 magistri
944 3517 1163 3580 equitum
1183 3518 1400 3566 vicerant
1412 3520 1511 3566 Ro·
1598 3536 1674 3584 eq.
1689 3519 1908 3579 duxerit,
1930 3522 2200 3587 putaverit,
2214 3536 2264 3567 se
2275 3536 2368 3585 pro
2382 3520 2614 3584 magistro

490 3595 645 3655 mani,
679 3595 765 3643 sed
790 3595 1009 3659 auspicio
1043 3594 1309 3643 dictatoris.
1352 3597 1515 3660 Siqui-
1600 3600 1815 3663 equitum
1843 3602 2067 3664 gesserim
2097 3599 2281 3649 Stroth.

493 3672 604 3721 dem
628 3675 855 3738 magister
882 3675 1100 3738 equitum
1118 3675 1225 3739 ipse
1243 3691 1345 3723 non
1366 3675 1513 3724 hahe-
1673 3678 1719 3724 5.
1736 3681 1811 3725 Ac
1822 3695 1919 3726 non
1938 3695 2191 3727 accensum
2207 3676 2483 3734 dictatoris,
2501 3676 2618 3724 vide

491 3750 576 3800 bnt
610 3755 852 3819 auspicia,
895 3754 981 3802 sed
1025 3755 1233 3819 imperio
1258 3756 1511 3803 dictatoris
1599 3758 1662 3805 ad
1685 3758 1734 3817 1,
1760 3759 1824 3813 43
1841 3793 1855 3816 ‚
1881 3775 1932 3805 ιι.
1967 3761 2044 3807 ι3.

494 3840 542 3875 et
555 3833 784 3896 auspiciis
801 3832 1009 3882 suberat.
1017 3834 1148 3882 Vide
1166 3835 1386 3882 Perizon.
1398 3834 1512 3882 Ani-
1669 3837 1716 3884 6.
1753 3838 1986 3901 Marsque
2006 3837 2294 3894 communis,
2321 3834 2435 3885 vide
2463 3835 2528 3882 ad
2550 3836 2617 3893 V,

495 3908 705 3958 madver.
733 3912 968 3959 Historie.
994 3929 1100 3977 cap.
1128 3930 1175 3972 7.
1204 3915 1292 3961 En.
1327 3941 1386 3951 -
1430 3913 1511 3961 Ab
1604 3930 1662 3963 12
1682 3951 1697 3974 ,
1728 3932 1777 3964 ιι.
1808 3931 1852 3965 1.

496 3982 745 4047 impotenti
755 3990 1055 4048 crudelitate,
1070 3991 1292 4050 v.ad111‚
1308 3992 1446 4050 36,n.
1462 4007 1511 4039 α.
1673 4010 1720 4055 7.
1746 3996 1859 4058 Rep.
1890 3996 2007 4043 bene
2018 4007 2157 4061 gesta
2174 4031 2187 4056 ,
2217 3995 2331 4043 vide
2353 4006 2459 4043 not.
2483 4009 2615 4041 2.—

567 4076 616 4108 2.
659 4065 1184 4131 Quod....respublica
1214 4071 1400 4134 egregie
1426 4086 1512 4134 ge·
1608 4073 1758 4120 Unico
1778 4074 1923 4131 duce,
1956 4075 2069 4122 vide
2092 4075 2219 4132 adl,
2247 4090 2309 4121 αι
2327 4111 2340 4134 ,
2367 4091 2417 4121 ιι.
2447 4074 2491 4128 3.
2544 4066 2555 4075 ”
