3000 4717
555 320 800 429 &22:331
849 340 1291 408 LIB.V111.
1348 339 1562 407 CAP.
1616 342 1975 408 xxxvl.
2031 343 2425 411 xxxvn.
2481 309 2653 441 509'

504 481 850 538 ctatorem
894 460 1466 559 responderunt3
1514 463 1731 533 unius
1795 462 1949 557 ejus
2006 460 2178 534 fidei
2224 466 2638 565 virtutique·

504 600 787 646 causam
821 597 1019 645 suam
1049 573 1662 644 commendantes.
1698 578 1808 644 Ita
1839 573 2192 645 deductus
2221 600 2312 648 ex
2342 582 2617 651 Samni-

501 685 695 756 tibus
728 684 1103 755 exercitu-S.

595 798 951 867 XXXVII.
1006 794 1333 865 Dictator
1381 794 1833 892 triumphans
1875 794 2150 867 Urbem
2192 810 2299 867 est
2342 797 2617 895 ingres-

501 930 660 993 sus;
721 919 792 975 et
813 959 833 994 ‚
896 927 1124 1001 quum
1184 897 1260 973 se
1314 904 1669 976 dictatura
1731 903 2060 977 abdicare
2119 906 2369 995 vellet,
2414 907 2626 1001 jussu

497 1021 786 1086 Patrum
800 1069 819 1102 ,
847 1014 1268 1112 priusquam
1288 1012 1685 1103 abdicaret,
1721 1016 2051 1087 consules
2071 1018 2334 1088 creavit
2356 1022 2436 1089 C.
2465 1019 2620 1089 Sul-

497 1128 766 1225 picium
806 1130 1138 1223 Longum
1182 1126 1444 1197 iterum
1467 1180 1486 1215 ,
1534 1130 1617 1219 Q.
1667 1127 2023 1197 AEmilium
2048 1139 2068 1169 ¹
2119 1132 2614 1201 Cerretanum.

445 1227 448 1234 ⁴
499 1238 884 1323 Samnites,
921 1234 1185 1306 infecta
1216 1260 1425 1332 pace,
1461 1239 1633 1333 quia
1663 1238 1753 1309 de
1787 1238 2322 1336 conditionibus
2359 1240 2622 1338 ageba-

495 1362 617 1417 tur
636 1359 691 1432 ²,
720 1348 1042 1418 inducias
1075 1371 1350 1418 annuas
1382 1346 1473 1417 ab
1504 1347 1701 1419 Urbe
1733 1350 2156 1420 retulerunt.
2193 1355 2340 1423 Nec
2369 1376 2617 1423 earum

495 1459 810 1555 ipsarum
849 1472 1088 1527 sancta
1128 1455 1306 1528 fides
1350 1456 1485 1528 fuit
1517 1486 1533 1527 :
1575 1459 1791 1545 adeo,
1834 1446 2222 1558 postquam
2259 1464 2624 1559 Papirium

497 1566 725 1638 abisse
768 1569 1188 1663 magistratu
1233 1570 1649 1639 nuntiatum
1691 1584 1839 1656 est,
1890 1574 2145 1643 arrecti
2198 1573 2287 1642 ad
2338 1571 2618 1644 bellan·
2676 1619 2700 1658 '.

497 1676 674 1747 dum
726 1679 944 1747 animi
995 1693 1187 1747 sunt.
1251 1682 1327 1749 C.
1380 1679 1739 1777 Sulpicio,
1800 1683 1887 1769 Q.
1946 1679 2227 1753 AEmilio
2287 1683 2620 1775 (Aulium

495 1786 788 1883 qnidam
824 1787 1115 1858 annales
1151 1787 1468 1884 habent)
1509 1789 1964 1877 consulibuS,
2011 1788 2101 1859 ad
2140 1789 2620 1864 defectionem

496 1898 919 1967 Samnitium
956 1898 1265 1994 Apulum
1300 1923 1574 1967 novum
1612 1898 1888 1969 bellum
1929 1899 2240 1969 accessit.
2290 1904 2622 1997 Utroque

494 2011 846 2080 exercitus
874 2010 1093 2079 missi.
1126 2010 1443 2107 Sulpicio
1470 2012 1856 2097 Samnites,
1884 2009 2101 2106 Apuli
2121 2010 2405 2080 AEmilio
2426 2026 2621 2084 sorte

493 2133 913 2190 evenerunt.
949 2124 1134 2190 Sunt
1150 2174 1169 2207 ,
1195 2121 1321 2217 qui
1346 2144 1498 2189 non
1521 2120 1692 2217 ipsis
1720 2119 1971 2217 Apulis
1996 2118 2272 2214 bellum
2299 2120 2574 2192 illatum
2596 2178 2615 2211 ,

494 2228 620 2301 sed
646 2230 878 2301 socios
903 2228 1057 2324 ejus
1080 2230 1312 2326 gentis
1339 2230 1653 2328 populos
1670 2225 1697 2272 ³
1727 2227 1817 2300 ab
1846 2230 2272 2300 Samnitium
2296 2232 2368 2300 vi
2397 2244 2618 2327 atque

559 2427 681 2474 Car.
699 2428 972 2475 XXXVII.
988 2442 1032 2472 1.
1054 2427 1112 2489 Q.
1132 2427 1384 2476 AEmt‘lium
1405 2428 1514 2477 Cer-
1600 2427 1688 2475 sed
1724 2428 1804 2475 vel
1840 2428 2093 2475 Aurelium
2112 2461 2130 2483 ‚
2168 2427 2249 2474 vel
2288 2429 2470 2476 Aulum
2491 2464 2508 2485 ,
2538 2429 2619 2477 vel

491 2514 712 2549 retanum
735 2520 753 2549 .·
790 2503 891 2549 imo
937 2504 995 2563 Q.
1043 2505 1246 2550 Aulium
1278 2506 1330 2553 C.
1369 2518 1424 2553 ut
1456 2508 1511 2553 in

490 2584 761 2645 Fragment.
778 2579 988 2645 Capitol.
1010 2581 1124 2627 etin
1143 2583 1373 2629 omnibns
1383 2585 1510 2631 MSS

489 2662 615 2708 infra
632 2663 734 2715 IX.
758 2676 821 2707 22
844 2694 860 2718 ‚
880 2670 929 2707 et
947 2659 1000 2705 in
1020 2658 1266 2722 plerisque
1286 2661 1387 2719 IX,
1415 2660 1477 2707 15
1491 2694 1507 2719 ‚

491 2741 576 2789 ubi
585 2739 780 2804 qnidam
790 2741 838 2785 Α
840 2737 1040 2786 arelium
1049 2737 1248 2796 habent,
1259 2749 1314 2784 ut
1322 2738 1508 2785 AElium

490 2819 742 2868 Diodorus
756 2853 771 2879 ‚
788 2818 1036 2867 Marianus
1057 2829 1106 2866 et
1120 2816 1340 2865 Cassiod.
1361 2817 1507 2865 Conf.

491 2899 629 2964 Pigh.
651 2900 830 2947 Annal.
857 2898 919 2946 ad
939 2914 1051 2944 ann.
1076 2898 1201 2954 430,
1248 2895 1335 2943 ubi
1362 2895 1508 2943 etiam

490 2979 615 3027 bene
625 2989 791 3025 monet
801 3012 816 3036 ‚
826 2994 1100 3042 cognomen
1111 2975 1358 3024 Cerretani
1363 2975 1511 3021 AEmi-

488 3057 570 3104 liae
590 3056 721 3120 genti
740 3057 991 3103 insolitum
1007 3091 1022 3115 ‚
1050 3068 1099 3105 et
1119 3073 1178 3123 eo
1199 3068 1418 3120 tempore
1436 3055 1507 3103 al-

492 3146 649 3183 terum
668 3136 923 3182 consulum
949 3135 1236 3199 plerumque
1261 3134 1506 3199 plebeium

488 3214 661 3273 fuisse;
691 3229 809 3261 mox
827 3229 946 3261 vero
974 3214 1180 3262 delenda
1205 3230 1309 3262 esse
1331 3214 1476 3262 verba
1490 3229 1506 3262 :

489 3295 671 3341 Aulum
691 3293 894 3357 quidam
915 3294 1117 3341 annales
1138 3292 1345 3350 bahem,-
1371 3292 1507 3356 quod

488 3373 654 3420 Livius
667 3373 815 3437 paulo
827 3383 939 3421 ante
952 3373 1192 3437 potuisset
1200 3372 1507 3420 commodius

487 3464 734 3501 annotare.
758 3479 828 3488 —
849 3453 1073 3499 Aulium.
1086 3488 1099 3500 .
1115 3486 1126 3498 .
1141 3451 1338 3499 liabent:
1357 3450 1508 3514 Quod

489 3532 683 3595 quidem
699 3532 885 3589 verius,
907 3547 997 3578 nec
1014 3532 1257 3579 immerito
1278 3530 1506 3588 fortasse,

488 3611 683 3658 videtur
710 3611 912 3674 sigonio
928 3643 942 3668 ,
978 3610 1180 3674 Pighio,
1220 3609 1477 3657 Gronovio
1491 3627 1509 3668 ς

489 3700 593 3736 tum
613 3690 727 3752 quia
750 3689 834 3736 hic
856 3689 1028 3737 consul
1050 3688 1269 3753 plebeius
1290 3704 1394 3736 esse
1422 3688 1508 3736 de-

486 3767 620 3825 buit,
647 3784 798 3830 quum
818 3768 1061 3832 Sulpicius
1093 3769 1220 3816 foret
1239 3768 1472 3831 patricius
1492 3786 1507 3827 3

486 3846 673 3893 AEmilia
694 3858 855 3894 autem
867 3862 986 3910 gens
999 3847 1204 3913 patricia
1217 3858 1319 3894 erat
1330 3880 1343 3902 ‚
1362 3845 1509 3894 Aulia

486 3925 711 3991 plebeia:
746 3937 851 3974 tum
872 3927 985 3990 quia
1010 3928 1113 3985 IX,
1143 3926 1231 3984 15,
1260 3928 1349 3984 16,
1371 3940 1433 3972 22
1460 3936 1510 3971 et

489 4021 517 4051 2
528 4006 575 4064 3,
591 4004 675 4052 ubi
691 4004 753 4052 de
771 4005 946 4054 eodem
963 4004 1164 4053 homine
1178 4005 1353 4069 agitur,
1374 4004 1514 4052 Cam-

489 4099 643 4146 panus
662 4094 710 4132 et
728 4076 949 4135 Andreas
968 4100 1208 4147 nusquam
1233 4082 1509 4138 AEmilium,

1599 2506 1797 2563 Alium,
1841 2508 1921 2555 vel
1949 2507 2149 2555 Aulium
2177 2506 2385 2571 denique
2410 2507 2631 2568 habent3.

1596 2584 1728 2631 unde
1746 2586 1920 2632 merito
1942 2586 2187 2648 colligitur
2206 2586 2398 2634 Livium
2411 2586 2488 2635 his
2501 2588 2624 2636 locis

1595 2677 1761 2708 revera
1781 2663 2032 2725 scripsisse
2052 2663 2269 2709 Aulium.
2292 2665 2623 2718 Consentiunt

1597 2737 1809 2802 Capitol.
1819 2739 1948 2786 Fasti
1959 2771 1975 2796 ‚
1990 2739 2075 2785 ubi
2086 2738 2148 2784 de
2161 2741 2264 2798 ejus
2276 2754 2435 2790 morte
2450 2757 2620 2807 agunt,

1595 2816 1659 2863 ad
1678 2832 1861 2863 annum
1890 2816 1952 2871 43
1961 2817 2007 2863 8.
2030 2816 2146 2863 Non
2158 2832 2435 2879 -possumus
2455 2831 2621 2872 tamen
2700 2849 2705 2859 =

1595 2895 1818 2942 assentiri
1846 2893 2140 2942 doctissimis
2167 2895 2287 2942 viris
2315 2897 2400 2960 qui
2421 2900 2568 2948 verba
2599 2916 2614 2949 t

1595 2973 1798 3023 Aulium
1817 2972 2020 3038 quidam
2045 2973 2250 3021 annales
2269 2973 2452 3023 habent
2465 3011 2482 3034 ,
2508 2995 2617 3043 quae

1594 3054 1779 3118 ubique
1797 3064 2012 3110 exstant,
2033 3069 2060 3100 c
2079 3051 2284 3104 Liviano
2304 3065 2444 3103 textu
2458 3068 2617 3105 extur÷

1593 3134 1728 3182 bant.
1749 3134 1856 3181 Nec
1883 3132 2007 3180 adeo
2029 3132 2206 3179 mirum
2225 3143 2300 3179 est
2317 3133 2510 3183 Livium
2530 3136 2613 3185 hic

1593 3213 1817 3262 haesitare
1835 3214 1888 3259 in
1908 3211 1995 3259 illo
2009 3212 2231 3270 nomine;
2257 3224 2428 3276 postea
2449 3215 2495 3262 ei
2513 3232 2617 3263 sen-

1594 3293 1760 3341 tentiae
1773 3329 1787 3352 ,
1811 3307 1918 3355 quae
1937 3291 2249 3352 verisimilior
2271 3293 2369 3356 ipsi
2387 3292 2492 3340 visa
2514 3276 2587 3342 est
2601 3329 2616 3355 ,

1597 3373 1701 3420 sine
1717 3372 1815 3419 ulla
1843 3371 2163 3420 dubitationis
2190 3382 2309 3419 nota
2335 3371 2610 3421 adhaesisse.

1594 3452 1684 3498 En.

1665 3546 1714 3578 τι.
1738 3528 1929 3594 Infecta
1945 3544 2101 3592 pace,
2146 3529 2266 3593 quia
2295 3529 2356 3577 de
2377 3529 2613 3578 conditio-

1594 3609 1734 3656 nibus
1761 3609 2013 3672 agebatur,
2048 3607 2208 3655 adhuc
2235 3607 2614 3672 disceptabatur,

1595 3688 1818 3735 nondum
1830 3686 2167 3734 conveniebat.
2185 3687 2254 3736 W
2249 3687 2316 3733 eil
2327 3702 2376 3733 es
2387 3686 2511 3735 noch
2526 3688 2631 3754 aas

1597 3766 1679 3813 die
1697 3765 2040 3830 Bedingungen
2064 3767 2243 3813 ankam
2262 3782 2281 3812 .·
2302 3766 2486 3817 Stroth.
2509 3784 2616 3815 am-

1596 3846 1848 3910 bigebatur
1865 3846 1996 3905 conj.
2018 3846 2172 3892 Gron.
2186 3870 2256 3880 -—
2268 3846 2449 3893 Sancta
2456 3846 2610 3914 fides,

1594 3925 1829 3971 inviolata
1847 3957 1862 3983 ,
1900 3923 2125 3987 religiose
2179 3934 2366 3971 servata
2385 3940 2400 3983 ;
2445 3927 2613 3990 confer

1599 4002 1843 4051 Drakenb.
1872 4002 1936 4049 ad
1958 4002 2090 4050 hunc
2116 4002 2296 4051 locum.
2393 4047 2397 4052 .

1675 4083 1718 4128 3.
1735 4081 1898 4128 Socios
1912 4082 2011 4146 ejus
2020 4082 2176 4146 gentis
2190 4083 2426 4146 populos,
2449 4069 2615 4129 civita·
