3000 4717
506 368 649 457 416
1365 366 1442 433 Τ.
1509 365 1785 435 L1v11
2190 348 2247 447 21
2269 343 2318 446 ἐξ
2344 345 2570 456 21:333:

506 500 580 563 in
619 514 742 561 eos
778 511 1174 559 versurum.
1234 487 1380 555 Cur
1408 501 1651 555 autem
1677 490 1931 582 potius
1970 487 2329 584 Campani
2369 513 2624 585 agrum
2689 467 2697 474 ’

505 600 745 673 Italioe
767 598 1197 668 uberrimum
1210 649 1230 682 ,
1263 596 1551 693 dignam
1572 618 1745 690 agro
1771 594 2014 665 urbem
2029 648 2047 678 ‚
2074 601 2205 692 qui
2220 621 2348 666 nee
2364 622 2468 684 se,
2490 621 2626 670 nec

504 736 642 783 sua
679 714 900 780 tutari
913 712 1224 805 possint,
1266 729 1492 801 quam
1521 712 1758 775 victor
1775 712 2120 777 exercitus
2144 706 2466 792 haberet,
2498 713 2630 804 qui

502 843 633 891 suo
667 815 933 889 sudore
964 839 1054 885 ae
1087 819 1438 911 sanguine
1460 814 1629 884 inde
1653 817 2011 886 Samnites
2036 814 2474 913 depulisset?
2495 818 2623 886 An

506 951 803 1026 oequum
825 949 1000 1011 esse,
1033 922 1386 994 dedititios
1409 947 1576 995 suos
1606 922 1731 993 illa
1739 923 2120 1014 fertilitate
2149 940 2369 1022 atque
2402 929 2623 996 amoe'-
2702 999 2709 1002 ,

506 1046 723 1110 nitate
747 1038 1058 1134 peficit}
1092 1059 1164 1105 se
1185 1088 1204 1122 ,
1245 1032 1621 1104 militando
1626 1038 1867 1125 fissos
1883 1089 1901 1119 ‚
1925 1040 1998 1104 in
2005 1033 2378 1132 pestilente
2399 1055 2627 1132 atque

507 1150 714 1221 an‘do
754 1153 940 1218 circa
983 1145 1241 1215 Urbem
1276 1144 1431 1215 solo
1476 1144 1770 1232 luctari,
1811 1161 1941 1215 aut
1980 1152 2053 1215 in
2097 1146 2282 1215 Urbe
2318 1145 2623 1216 insiden-

507 1273 648 1329 tem
672 1256 910 1328 tabem
931 1259 1297 1327 crescentis
1316 1257 1394 1324 in
1424 1252 1850 1350 dz'esfenerels
1864 1257 1895 1305 4
1915 1256 2144 1352 pati?
2174 1260 2340 1326 Haee
2364 1257 2623 1352 agitata

509 1368 809 1440 occultis
854 1362 1472 1461 conjurationibus
1492 1420 1512 1454 ,
1569 1363 1875 1436 necdum
1919 1364 2202 1463 vulgata
2248 1367 2323 1435 in
2370 1390 2624 1437 omnes

509 1478 842 1565 consilia,
900 1461 1175 1546 invenit
1229 1498 1461 1546 novus
1513 1475 1766 1547 consul
1821 1481 1899 1548 C.
1953 1477 2260 1547 Marcius
2305 1475 2621 1566 Rutilus,

509 1590 625 1658 cui
670 1587 1059 1683 Campania
1109 1598 1302 1656 sorte
1350 1587 1716 1683 provincia
1770 1599 2129 1675 evenerat,
2182 1590 2271 1677 Q.
2324 1586 2625 1656 Servilio

509 1696 780 1793 collega
834 1694 925 1766 ad
977 1693 1248 1767 Urbem
1293 1696 1570 1767 relicto.
1633 1701 1888 1793 Itaque
1939 1721 2168 1794 quum
2215 1699 2460 1768 omnia
2501 1720 2625 1785 ea,

507 1808 692 1878 sicut
727 1819 922 1903 gesta
963 1820 1201 1891 erant,
1240 1830 1370 1903 per
1403 1805 1735 1877 tribunos
1776 1821 2145 1904 comperta
2177 1805 2509 1895 haberet,
2546 1809 2622 1877 et

510 1933 714 1993 aetate
741 1933 813 1992 et
844 1943 981 1990 usu
1015 1918 1307 2006 doctu5‚
1344 1920 1617 2017 quippe
1654 1920 1780 2015 qui
1811 1918 1957 2013 jam
1995 1930 2344 2014 quartum,
2368 1915 2623 1987 consul

509 2046 696 2103 esset
717 2085 735 2120 ,
780 2029 1232 2126 dictatorque
1269 2042 1343 2100 et
1381 2052 1638 2100 censor
1681 2027 1963 2118 fuisset,
1998 2029 2353 2125 optimum
2386 2040 2624 2114 ratuS‚

511 2139 918 2213 differendo
975 2163 1178 2238 spem
1200 2194 1220 2228 ,
1299 2138 1893 2235 quandocunque
1952 2137 2220 2210 vellent
2245 2192 2264 2223 ‚
2345 2136 2629 2208 consilii

512 2248 989 2347 exsequendi,
1036 2248 1418 2319 militarem
1465 2250 1818 2344 impetum
1857 2246 2216 2335 frustrari;
2257 2271 2624 2318 rumorem

513 2357 806 2455 dissipat
824 2411 843 2444 ‚
885 2359 963 2425 in
997 2354 1251 2456 iisdem
1297 2355 1584 2453 oppidis
1622 2370 1692 2427 et
1727 2381 1920 2428 anno
1957 2373 2122 2456 post
2158 2355 2483 2457 praesidia
2511 2354 2626 2425 hi-

508 2465 934 2538 bernatura:
996 2463 1219 2534 divisa
1257 2466 1452 2564 enim
1492 2479 1698 2537 erant
1744 2490 1874 2563 per
1923 2470 2329 2567 Campaniae
2364 2465 2582 2538 urbes
2600 2520 2623 2556 ,

509 2587 1121 2670 manaverantque
1141 2599 1182 2645 a
1208 2578 1455 2671 Capua
1481 2577 1778 2647 consilia
1802 2579 1879 2647 in
1897 2580 2289 2650 exereitum
2307 2603 2625 2649 omnem.

511 2690 617 2757 Eo
660 2686 1066 2756 laxamento
1110 2685 1667 2784 cogitationibus
1708 2683 1956 2775 dato⁵‚
2007 2689 2280 2785 quievit
2324 2689 2403 2757 in
2440 2710 2624 2783 prae-

513 2797 744 2869 sentia
780 2792 1056 2866 seditio.

609 2908 928 2975 XXXIX.
963 2903 1273 2990 Consul,
1305 2904 1568 2975 educto
1597 2906 1672 2975 in
1694 2909 1930 2980 aestiva
1952 2907 2174 2977 milite
2191 2960 2210 2994 ,
2236 2908 2410 2978 dum
2433 2906 2631 3001 quie·

516 3017 630 3087 to's
651 3016 1001 3086 Samnites
1022 3012 1335 3115 habebat
1348 3068 1366 3103 ‚
1389 3017 1783 3087 exercitum
1803 3041 2108 3114 purgare
2126 3013 2586 3088 missionibus
2601 3024 2625 3055 ¹

516 3124 1105 3197 turbulentorum
1152 3122 1533 3194 hominum
1584 3127 1928 3215 instituit,
1976 3127 2128 3199 aliis
2180 3128 2475 3198 emerita
2520 3121 2632 3195 di-

516 3325 592 3373 pr.
615 3334 686 3345 —-
704 3307 994 3372 Exemplum
1016 3306 1066 3354 in
1085 3322 1165 3353 eos
1183 3322 1437 3354 versurum
1454 3325 1533 3367 se,
1690 3317 1738 3364 4.
1767 3309 1944 3357 Tabem
1966 3311 2216 3359 crescentis
2239 3311 2289 3359 in
2315 3311 2417 3359 dies
2426 3310 2631 3377 fener-ia

516 3403 710 3436 versum
734 3386 812 3434 iri.
841 3385 1024 3434 Confer
1039 3384 1103 3432 ad
1126 3387 1208 3444 11,
1237 3387 1294 3445 3,
1320 3402 1370 3432 ιι.
1400 3402 1429 3433 2
1447 3421 1463 3444 ‚
1481 3398 1534 3435 et
1620 3386 1734 3435 vide
1750 3389 1814 3436 ad
1830 3390 1907 3447 11,
1930 3390 1996 3437 23
2013 3424 2029 3450 ‚
2054 3405 2104 3437 na
2124 3391 2174 3438 6.

516 3466 581 3514 ad
592 3464 913 3521 Tae.An.V1‚
933 3478 995 3510 10
1007 3497 1022 3523 ,
1047 3478 1100 3513 ιι.
1119 3463 1339 3511 &Verbo
1358 3464 1538 3513 luctari
1693 3466 1739 3514 5.
1758 3467 1834 3513 Eo
1853 3467 2137 3515 laxamento
2156 3468 2525 3533 cogitationibus
2539 3469 2634 3517 da-

514 3545 760 3594 indicatur
803 3540 1061 3589 difficultas
1109 3558 1204 3605 qua
1250 3541 1537 3591 laborabant
1623 3555 1698 3601 to,
1721 3544 1834 3593 vide
1854 3545 1918 3593 ad
1936 3548 2012 3605 ΙΙ,
2042 3554 2140 3605 24,
2167 3563 2217 3594 ιι.
2243 3554 2293 3602 4.

519 3625 622 3689 agri
635 3621 824 3672 romani
838 3620 1050 3669 cultores
1062 3655 1076 3678 ‚
1096 3631 1154 3668 ut
1167 3620 1221 3667 in
1239 3621 1459 3670 morbida
1478 3639 1536 3670 ae
1693 3622 1815 3672 Cu.
1843 3625 2093 3672 XXXIX.
2129 3641 2172 3672 1.
2207 3625 2489 3673 Exercitum
2512 3643 2636 3691 pur-

518 3703 672 3752 sterili
715 3700 913 3763 regione
953 3699 1138 3746 victum
1182 3713 1534 3764 compararent.
1617 3717 1743 3766 gare
1754 3701 2076 3761 missionibus,
2105 3716 2198 3752 etc.
2224 3720 2332 3766 quae
2350 3704 2513 3753 missio
2534 3717 2637 3754 erat

518 3782 595 3829 Ita
607 3795 717 3828 eum
730 3778 950 3827 finitionis
964 3777 1224 3836 luctantur,
1237 3780 1323 3843 qui
1336 3779 1538 3828 difficile
1623 3781 1702 3829 vel
1736 3779 1935 3829 honesta
1969 3782 2189 3847 (seilicet
2222 3783 2428 3831 emeritis
2461 3785 2634 3849 stipem

519 3857 704 3906 bellum
732 3874 844 3905 cum
867 3856 927 3904 iis
954 3868 1129 3920 gerunt
1150 3868 1199 3905 et
1223 3874 1275 3906 se
1293 3858 1377 3906 vix
1398 3870 1537 3907 tuen-
1625 3857 1744 3921 diis)
1759 3858 1864 3915 ‚vel
1876 3860 2109 3909 causat-ia
2120 3861 2306 3910 scilicet
2318 3872 2636 3924 aegrotorum,

520 3946 616 3983 tur.
641 3936 870 3983 Similiter
891 3951 1035 3993 vero,
1061 3945 1117 3983 ut
1142 3935 1237 3983 hoc
1264 3934 1403 3997 loeo,
1442 3937 1539 3985 Pli-
1627 3936 1862 3986 debilium
1877 3972 1892 3997 ,
1921 3940 2143 4004 gravium
2177 3951 2324 3987 oetate
2347 3952 2432 3988 aut
2454 3941 2639 3992 viribus

521 4012 634 4075 nius
654 4014 854 4070 XVIII,
878 4014 908 4060 5
938 4028 951 4060 ε
981 4014 1145 4061 Malus
1169 4025 1241 4061 est
1266 4031 1400 4080 afer,
1430 4032 1539 4064 cum
1615 4032 1800 4080 parum
1822 4018 2128 4076 validorum,
2152 4019 2231 4067 vel
2244 4019 2468 4083 gtatiosa
2491 4019 2641 4081 (vide

525 4104 621 4151 quo
644 4088 866 4135 dominus
888 4090 1116 4138 luctatur.
1141 4092 1231 4138 En.
1625 4094 1689 4142 ad
1714 4096 1906 4155 XLIII,
1938 4105 2024 4157 14,
2052 4114 2101 4146 ιι.
2126 4096 2223 4164 6),
2248 4097 2478 4162 vel-justa
2498 4097 2640 4165 (vide
