3000 4717
2309 350 2359 389 A.
2388 352 2432 391 C.
2463 350 2556 390 365.

488 365 627 438 320
1351 371 1431 436 Τ.
1495 371 1600 437 LI
1614 371 1679 438 V
1693 371 1727 436 I
1740 370 1789 438 I‘
2308 409 2363 449 n.
2385 410 2436 451 c.
2461 412 2557 465 ³8⁷·

481 517 517 555 α
552 512 674 575 e0‚
704 511 876 576 nos,
913 510 1003 557 ex
1037 510 1190 583 quo
1230 486 1480 558 adsciti
1519 500 1764 560 sumus
1796 488 2005 560 simul
2031 489 2106 558 in
2140 491 2501 563 civitatem
2538 507 2617 564 et

482 628 517 663 α
551 603 793 671 Patres
813 652 834 688 ,
872 600 1081 669 enixe
1113 621 1410 695 operam
1440 598 1762 686 dedisse,
1782 612 1875 669 ut
1908 622 2038 696 per
2071 623 2207 670 nos
2246 615 2455 673 aucta
2480 626 2618 700 po-

481 738 516 773 α
550 709 692 779 tius
710 732 972 806 ,quam
990 709 1370 779 imminuta
1384 764 1404 797 ‚
1426 709 1758 803 majestas
1778 733 2021 794 catum
2043 711 2398 806 gentium,
2418 713 2613 784 inter

482 846 518 881 τε
552 842 733 915 quas
766 842 900 890 nos
936 842 1089 891 esse
1117 818 1481 908 voluistis,
1521 818 1663 904 dici
1695 844 1864 892 vere
1897 834 2162 917 posset.
2199 821 2388 893 Illud
2425 821 2609 895 alte-

481 960 515 996 «
550 955 713 1002 rum
748 954 883 1028 pro
913 953 1030 1001 me
1065 929 1611 1029 majoribusque
1653 933 1832 1004 meis
1868 932 2310 1005 contendere
2345 936 2606 1022 ausim,

482 1070 517 1107 «
558 1042 903 1133 Quirites,
935 1041 1105 1127 nisi,
1141 1065 1302 1137 quae
1334 1065 1469 1140 pro
1499 1044 1837 1113 universa
1866 1041 2241 1139 republica
2270 1043 2448 1115 fiant
2465 1100 2484 1134 ‚
2523 1070 2609 1116 ea

481 1181 515 1217 ι(
554 1150 782 1250 plebi,
810 1165 1160 1247 tanquam
1187 1150 1398 1222 aliam
1420 1152 1767 1223 incolenti
1798 1150 2094 1240 urbem,
2123 1152 2416 1224 adversa
2444 1154 2607 1251 quis

479 1292 514 1327 α
554 1277 761 1360 putet
781 1316 801 1351 ,
843 1261 1023 1333 nihil
1073 1286 1208 1333 nos
1228 1317 1246 1352 ,
1291 1286 1533 1359 neque
1574 1264 1890 1360 privatos
1908 1317 1927 1350 ‚
1966 1285 2209 1359 neque
2254 1263 2331 1332 in
2381 1264 2608 1361 magi-

480 1401 515 1438 «
555 1372 895 1445 stratibus
912 1429 932 1463 ,
981 1372 1184 1470 quod
1221 1372 1762 1445 incommodum
1798 1371 1994 1470 plebi
2033 1386 2217 1446 esset
2233 1428 2252 1461 ,
2305 1375 2607 1446 scientes

480 1513 513 1548 <t
550 1481 799 1555 fecisse
826 1512 840 1553 τ
866 1508 1002 1556 nec
1032 1484 1262 1555 ullum
1300 1482 1570 1555 factum
1599 1483 1958 1555 dictumve
1980 1498 2313 1554 nostrum
2350 1499 2603 1556 contra

479 1621 512 1657 α
546 1593 929 1665 utilitatem
965 1597 1474 1683 vestram‚-etsi
1507 1594 1837 1692 quaedam
1868 1593 2600 1668 contra'voluntatem

478 1733 512 1768 κ
555 1701 824 1774 fuerint
842 1758 862 1794 ,
907 1729 1075 1776 vere
1112 1703 1366 1778 referri
1406 1731 1641 1804 posse.
1686 1710 1798 1779 An
1833 1705 1973 1776 hoc
1995 1757 2015 1792 ‚
2057 1705 2115 1774 si
2152 1705 2464 1777 Claudiae
2501 1704 2600 1777 fa-

477 1843 512 1878 α
552 1812 764 1886 miliae
805 1838 960 1886 non
997 1805 1166 1904 sim,
1206 1840 1342 1887 nec
1380 1842 1472 1887 ex
1501 1817 1801 1913 patricio
1838 1815 2186 1912 sanguine
2216 1829 2451 1906 ortus,
2480 1814 2608 1887 sed

481 1953 515 1990 ι(
553 1950 743 1996 unus
778 1927 1171 2017 Quiritium
1206 1926 1545 2023 quilibet,
1586 1927 1713 2023 qui
1750 1924 1973 1998 modo
2013 1949 2130 1996 me
2161 1924 2453 1998 duobus
2492 1928 2606 1996 in·
2647 2001 2655 2014 ,

480 2065 512 2101 «
554 2037 806 2133 gennis
851 2051 1129 2126 ortum,
1165 2051 1236 2107 et
1271 2039 1513 2108 vivere
1541 2038 1617 2108 in
1647 2037 1874 2144 libera
1908 2036 2191 2108 civitate
2221 2038 2471 2124 sciam,
2505 2061 2608 2108 re·

477 2181 512 2216 <t
550 2153 769 2223 ticere
814 2153 1130 2249 possim?
1174 2153 1348 2222 Luc.
1380 2151 1584 2222 illum
1623 2149 1945 2222 Sextii'im
1984 2165 2056 2222 et
2100 2155 2179 2221 C.
2217 2152 2606 2239 Licinium,

480 2294 513 2329 «
554 2278 979 2363 perpetum,
1016 2266 1077 2335 si
1109 2263 1242 2334 diis
1271 2262 1539 2360 placet,
1570 2262 1904 2334 tribunos
1921 2259 1977 2352 ³,
2001 2279 2286 2336 tantum
2305 2262 2609 2334 licentiae

478 2404 511 2438 «
553 2398 819 2444 novem
838 2374 1080 2461 annis,
1125 2372 1393 2469 quibus
1418 2386 1725 2470 regnant
1743 2427 1761 2462 ,
1808 2379 2193 2473 sumpsisse
2215 2429 2235 2463 ,
2295 2388 2378 2444 ut
2402 2370 2608 2443 vobis

478 2512 513 2547 (ι
556 2485 1286 2581 negent'potestatem
1324 2481 1628 2554 liberam
1663 2482 2023 2582 suffragii,
2071 2510 2222 2555 non
2259 2486 2334 2555 in
2381 2484 2608 2556 comi-

478 2624 510 2658 «
533 2595 707 2683 ¹tiis,
743 2619 898 2664 non
938 2595 1017 2688 in
1053 2592 1333 2691 legibus
1365 2593 1709 2689 jubendis
1731 2649 1753 2681 ,
1795 2620 1870 2667 se
1905 2598 2379 2693 permissuros
2411 2592 2608 2664 esse?

477 2732 510 2770 (ε
552 2702 701 2775 Sub
739 2700 1156 2776 conditione
1177 2758 1197 2793 ,
1225 2705 1465 2801 inquit
1483 2760 1504 2794 ‚
1543 2730 1680 2776 nos
1712 2702 2047 2777 reficietis
2083 2704 2442 2777 decimum
2471 2704 2607 2771 tri-

478 2846 512 2880 «
553 2815 819 2888 bunos.
849 2815 1044 2909 Quid
1071 2830 1179 2888 est
1208 2816 1400 2887 aliud
1431 2816 1669 2888 dicere
1687 2820 1740 2904 4,
1774 2815 1978 2914 quod
2011 2809 2272 2914 petunt
2299 2814 2444 2901 alii,
2474 2837 2608 2884 nos

479 2957 514 2992 a
547 2927 745 2998 'adeo
779 2919 1220 3015 fastidimus,
1253 2942 1339 2998 ut
1380 2927 1534 2997 sine
1574 2927 1907 2998 mercede
1933 2950 2191 3023 magna
2237 2949 2388 2996 non
2423 2924 2608 2995 acci-

476 3122 593 3155 vero
614 3118 710 3166 est,
731 3118 861 3155 certe
876 3123 979 3154 esse
1001 3106 1196 3155 videtur
1217 3107 1376 3171 simpl.
1395 3121 1500 3153 non
1587 3122 1637 3151 v.
1651 3081 1848 3166 xm,
1863 3120 1932 3168 29
1945 3139 1958 3163 ‚
1975 3121 2028 3153 n.
2053 3108 2100 3155 3.
2120 3107 2246 3154 Mox
2264 3104 2443 3168 inquit,
2461 3115 2515 3152 ut
2532 3119 2603 3167 gt.

474 3183 713 3232 affirmare
730 3218 744 3242 ‚
781 3186 914 3233 nolle
944 3202 1115 3234 verum
1154 3201 1286 3244 esse3
1311 3184 1500 3253 ieficias
1587 3184 1699 3252 ἔφη,
1729 3200 1822 3249 pro
1850 3184 2097 3248 inquiunt,
2126 3196 2183 3232 ut
2207 3186 2269 3234 nl.
2294 3199 2388 3249 pro
2419 3183 2603 3247 inquis,

475 3263 569 3319 ire,
603 3263 740 3311 velut
764 3264 947 3312 crimen
974 3265 1219 3324 objectum
1243 3274 1292 3310 et
1317 3273 1372 3310 ut
1397 3278 1497 3310 rem
1584 3265 1640 3312 in
1658 3263 2006 3328 disputatione,
2019 3273 2104 3312 aut
2115 3264 2365 3312 oratione:
2383 3263 2609 3326 frequens

475 3333 691 3409 turpem,
724 3354 855 3392 certe
881 3342 1174 3390 invidiosam
1190 3376 1205 3399 ‚
1231 3358 1258 3388 a
1283 3357 1333 3387 se
1365 3357 1498 3388 amo-

472 3423 574 3479 lii-13
598 3422 733 3487 quod
747 3424 910 3481 fateri,
928 3433 1071 3485 turpe
1085 3420 1178 3468 tibi
1192 3435 1386 3467 censeas
1396 3454 1410 3478 ,
1421 3421 1500 3468 vel

474 3502 804 3568 periculosum
818 3518 865 3559 »ς
886 3502 1056 3548 Bauer.
1080 3499 1216 3547 Idem
1234 3514 1352 3547 mox
1369 3500 1496 3559 conj.

473 3582 619 3630 simus
634 3592 682 3629 et
694 3579 983 3635 voluissem,
1001 3594 1093 3643 pro
1107 3594 1268 3626 sumus
1284 3589 1332 3626 et
1344 3577 1501 3626 volui-

475 3661 574 3708 stis.
590 3688 660 3697 —
681 3658 872 3707 Adsciei
890 3657 938 3705 in
964 3656 1204 3704 civitatem
1227 3668 1276 3704 et
1295 3660 1494 3715 Patres,

474 3739 588 3788 vide
622 3739 686 3787 ad
716 3739 871 3787 Tacit.
894 3736 1075 3785 Annal.
1111 3740 1163 3795 Ι,
1197 3737 1253 3796 8,
1279 3753 1329 3784 n.
1359 3746 1418 3797 43
1451 3748 1500 3785 et

475 3818 724 3866 Drakenb.
742 3818 806 3865 ad
826 3817 958 3865 hunc
979 3817 1161 3864 locum.
1187 3817 1329 3864 Unus
1355 3816 1501 3864 arcici

477 3912 636 3942 sumus
650 3915 672 3953 ;
692 3896 872 3961 inepte.
899 3897 988 3943 En.

1586 3343 1792 3390 formula
1808 3343 2144 3408 proponendae
2160 3341 2534 3398 adversationis,
2552 3350 2609 3388 ut

1589 3420 1889 3486 significetur
1913 3423 2088 3487 aliquis
2124 3421 2513 3471 contradicturus
2545 3435 2607 3467 ex

1586 3503 1684 3550 isto
1706 3518 1927 3550 numero.
1956 3504 2032 3550 Ita
2055 3501 2232 3566 saepius
2255 3501 2309 3547 in
2329 3500 2426 3548 hoc
2449 3499 2607 3563 capite

1589 3592 1639 3629 et
1663 3581 1790 3646 inpr.
1812 3582 1944 3646 apud
1966 3584 2220 3640 Senecam
2245 3579 2359 3627 vide
2383 3582 2607 3644 Gronov.

1589 3670 1639 3708 et
1661 3660 1810 3708 Drak.
1835 3660 1900 3708 ad
1917 3661 2163 3719 XXXIV,
2191 3661 2220 3708 3
2240 3670 2289 3706 et
2309 3657 2359 3709 5.
2451 3705 2460 3713 ,

1660 3746 1707 3795 4.
1729 3739 1881 3801 Quid,
1907 3738 2177 3803 quomodo,
2190 3748 2261 3785 est
2272 3736 2416 3785 aliud
2426 3735 2603 3792 dicere,

1587 3817 1739 3866 scilic.
1768 3835 1912 3881 quam
1927 3854 1942 3877 ,
1974 3834 2060 3866 seu
2085 3818 2185 3866 nisi
2206 3818 2397 3875 dicere,
2434 3824 2526 3862 etc.
2552 3825 2608 3862 ut

1586 3898 1677 3955 Π,
1701 3904 1730 3952 4
1749 3933 1764 3957 ,
1796 3897 1919 3961 quid
1943 3907 2015 3944 est
2034 3896 2177 3944 aliud
2204 3912 2354 3962 quam
2385 3893 2607 3942 exsilium

551 3975 596 4022 3.
622 3977 912 4038 Perpetuos,
946 3973 989 4020 si
1017 3973 1112 4021 diez«
1126 3975 1323 4037 placet,
1350 3973 1497 4028 erlba—
1577 3977 1732 4039 pati?
1766 3977 1862 4024 nisi
1898 3975 2112 4040 positum
2150 3987 2225 4024 est
2257 3989 2384 4040 pro:
2412 3989 2501 4021 cur
2533 3981 2608 4020 est

477 4066 588 4106 nos,
614 4051 727 4098 vide
752 4052 816 4098 ad
837 4054 937 4109 ΙΙΙ,
971 4069 1056 4112 19,
1082 4068 1133 4101 n.
1157 4054 1215 4112 6,
1246 4065 1295 4101 et
1322 4053 1411 4111 IV,
1441 4055 1497 4111 3,

475 4143 527 4175 n.
548 4130 870 4201 lfa—*Novem
889 4129 1055 4190 annis,
1077 4131 1248 4193 quibus
1260 4144 1491 4198 regnant,

1586 4054 1718 4102 aliud
1742 4054 1929 4111 dicere,
1954 4054 2004 4101 h.
2034 4071 2080 4103 e.
2114 4070 2201 4101 cur
2228 4053 2362 4102 aliud
2398 4052 2532 4100 dices
2565 4050 2609 4098 si

1586 4133 1793 4197 dixeris,
1821 4134 1899 4183 vel
1923 4132 2112 4199 legend.
2137 4133 2261 4198 quid
2278 4132 2336 4210 id
2349 4142 2437 4181 est.
2459 4128 2609 4181 Conf.
