3000 4717
433 331 571 434 {¹1:81
599 333 691 441 323:
888 354 1204 420 LIBER
1263 353 1428 421 vn.
1495 355 1705 424 oAP.
1769 355 2009 423 xxn.
2366 351 2508 450 379

398 477 672 573 patricii
707 474 1040 546 consules
1065 489 1479 546 crearentur
1501 530 1520 563 ‚
1550 498 1703 545 rem
1731 473 1819 545 ad
1839 476 2328 572 interregnum
2347 500 2508 573 per-

396 585 638 656 duxit:
671 584 817 657 duo
843 586 1238 682 interreges
1270 587 1349 655 C.
1380 585 1734 682 Sulpicius
1765 599 1836 655 et
1871 588 1965 654 M.
2006 582 2263 654 Fabius
2298 587 2511 657 inter-

397 697 613 792 positi
656 694 1076 782 obtinuere,
1115 694 1314 791 quod
1369 694 1675 766 dictator
1724 692 1987 765 frustra
2025 693 2508 782 ²tetenderat,

396 807 678 876 mitiore
701 805 848 899 jam
867 805 1082 903 plebe
1102 804 1197 875 ob
1221 830 1473 877 recens
1483 807 1823 877 meritum
1842 806 2053 876 levati
2082 805 2238 874 oeris
2264 804 2511 892 alieni,

396 930 479 986 ut
539 915 755 987 ambo
810 917 1089 1013 patricii
1152 916 1481 988 consules
1552 930 1988 988 crearentur.
2059 915 2319 986 Creati
2358 916 2511 1011 ipse

397 1029 476 1096 C.
532 1026 883 1123 Sulpicius
926 1028 1247 1115 PeticuS,
1295 1028 1422 1123 qui
1458 1029 1661 1124 prior
1707 1028 2128 1123 interregno
2177 1023 2392 1111 abiit,
2440 1036 2512 1092 et

396 1141 473 1205 T.
532 1137 871 1224 Quintius
924 1141 1256 1224 Pennus;
1305 1136 1601 1231 quidam
1651 1141 2066 1222 Kaesonem,
2104 1135 2220 1204 alii
2261 1134 2512 1205 Caium

395 1269 669 1316 nomen
697 1247 999 1336 Quintio
1035 1242 1444 1341 adjiciunt-²³.
1487 1245 1593 1316 Ad
1618 1244 1896 1315 bellum
1928 1243 2145 1315 ambo
2171 1241 2516 1342 profecti,

395 1353 717 1426 faliscum
767 1356 1139 1447 Quintius,
1181 1355 1538 1452 Sulpicius
1587 1356 2075 1450 tarquiniense
2095 1409 2114 1442 ,
2154 1376 2511 1450 nusquam

397 1466 544 1536 acie
570 1489 982 1562 ,congresso
1033 1465 1277 1552 hoste,
1322 1489 1488 1534 cum
1540 1466 1721 1559 agris
1772 1465 1993 1562 magis
2018 1516 2036 1550 ,
2076 1487 2296 1560 quam
2347 1487 2513 1532 cum

396 1573 813 1645 hominibus
838 1628 858 1662 ,
905 1574 1189 1645 urendo
1244 1572 1808 1672 populandoque
1857 1587 2230 1671 gesserunt
2275 1572 2515 1658 bella;

398 1684 601 1777 cujus
626 1684 835 1754 lentae
859 1683 1054 1754 velut
1077 1683 1258 1754 tabis
1292 1684 1491 1754 senio
1518 1684 1699 1754 victa
1732 1684 2103 1779 utriusque
2129 1682 2516 1780 pertinacia

396 1792 650 1888 populi
700 1806 805 1863 est
827 1846 846 1880 ,
889 1805 969 1861 ut
1012 1794 1326 1889 primum
1362 1818 1402 1862 a
1446 1791 1863 1864 consulibus
1880 1846 1908 1879 ,‚
1954 1792 2122 1863 dein
2161 1793 2514 1889 permissu

398 1926 652 1974 eorum
692 1900 781 1972 ab
825 1918 1077 1973 senatu
1118 1903 1438 1975 inducias
1483 1919 1817 2001 peterent
1853 1931 1868 1972 ε
1919 1905 1991 1972 in
2041 1902 2514 2000 quadraginta

400 2037 629 2083 annos
678 2013 1268 2110 impetraverunt.
1317 2019 1459 2101 Ita,
1490 2015 1723 2111 posita
1755 2012 2064 2083 duorum
2102 2009 2461 2082 bellorum
2494 2063 2514 2098 ,

399 2148 563 2219 quae
622 2121 1136 2209 imminebant,
1178 2146 1379 2208 cura,
1425 2122 1598 2193 dum
1643 2119 2015 2218 aliquaab
2061 2120 2517 2215 armisquies

401 2246 619 2319 esset,
660 2233 830 2328 quia
863 2232 1129 2303 solutio
1166 2234 1321 2302 aeris
1371 2231 1587 2303 alieni
1632 2232 2021 2306 multarum
2062 2256 2305 2301 rerum
2342 2255 2514 2299 mu-

399 2355 664 2411 taverat
703 2342 1034 2412 dominos
1057 2396 1075 2429 ,
1106 2367 1397 2432 censum
1436 2343 1547 2439 agi
1577 2342 1867 2439 placuit.
1903 2346 2257 2412 Caeterum
2286 2364 2515 2436 quum

402 2448 815 2520 censoribus
851 2450 1173 2521 creandis
1217 2451 1484 2521 indicta
1522 2453 1814 2523 comitia
1843 2465 2114 2538 essent,
2147 2449 2511 2549 professus

401 2580 775 2627 censuram
811 2583 883 2627 se
928 2573 1170 2654 petere
1222 2562 1299 2628 C.
1341 2562 1647 2630 Marcius
1693 2562 2008 2662 Rutilus,
2064 2562 2193 2656 qui
2238 2562 2516 2658 primus

401 2667 703 2737 dictator
740 2665 830 2736 de
867 2664 1080 2762 plebe
1114 2664 1344 2736 fuerat
1368 2720 1387 2753 ,
1416 2670 1873 2738 concordiam
1910 2672 2236 2741 omnium
2265 2668 2514 2752 turba-

399 2778 522 2846 vit.
566 2774 782 2868 Quod
818 2774 1197 2846 videbatur
1236 2776 1530 2871 quidem
1580 2791 1909 2873 tempore
1954 2780 2191 2850 alieno
2224 2777 2515 2864 fecisse,

400 2891 566 2984 quia
609 2887 823 2959 ambo
862 2903 1017 2959 tum
1060 2885 1246 2957 forte
1283 2886 1558 2983 patricii
1602 2887 1931 2958 consules
1973 2903 2206 2974 erant,
2243 2890 2371 2983 qui
2401 2912 2514 2957 ra-

404 2998 671 3068 tionem
701 2999 856 3093 ejus
897 3023 970 3068 se
1005 2995 1381 3067 habituros
1427 2994 1807 3090 negabant.
1858 2996 1996 3067 Sed
2038 3014 2108 3068 et
2145 3000 2297 3096 ipse
2341 3021 2518 3067 con-

403 3107 655 3175 stantia
684 3108 1050 3205 inceptum
1080 3106 1427 3193 obtinuit,
1450 3118 1522 3176 et
1556 3104 1860 3193 tribuni,
1883 3108 2080 3175 omni
2112 3109 2182 3175 vi
2217 3131 2514 3205 recupe-

403 3211 630 3284 rando
649 3215 764 3308 jus
802 3215 1304 3288 consularibus·
1324 3217 1629 3286 comitiis
1653 3217 1985 3289 amissum
2007 3271 2025 3305 ,
2045 3217 2474 3311 adjuverunt
2493 3245 2516 3306 ;

406 3337 476 3393 et
508 3348 735 3419 quum
764 3327 984 3421 ipsius
1022 3328 1151 3395 viri
1181 3327 1508 3421 majestas
1538 3327 1804 3397 nullius
1832 3327 2127 3398 honoris
2156 3327 2515 3425 fastigium

403 3459 554 3503 non
600 3432 962 3530 aequabat,
1000 3449 1153 3506 tum
1204 3460 1335 3532 per
1384 3438 1756 3526 eumdem,
1798 3441 1923 3536 qui
1963 3439 2051 3509 ad
2092 3438 2516 3509 dictaturam

405 3544 803 3642 aperuisset
835 3545 1054 3629 viam,
1088 3569 1460 3617 censuram
1492 3552 1834 3645 quoque‘*
1863 3550 1939 3618 in
1972 3562 2249 3645 partem
2282 3549 2520 3655 vocari

470 3730 520 3761 α.
540 3712 1102 3778 Quoddictaeorftustra
1119 3715 1409 3772 tetenderat,
1501 3716 1598 3763 hoc
1623 3728 1722 3775 est,
1745 3735 2050 3781 praenomen,
2084 3730 2141 3766 ut
2158 3729 2207 3766 et
2237 3719 2298 3765 al.
2331 3733 2514 3781 cogno-

403 3792 588 3841 scilicet
604 3792 840 3839 obtinere.
865 3792 959 3840 Sed
978 3793 1148 3839 confer
1165 3792 1227 3839 ad
1244 3795 1334 3851 lv,
1359 3810 1383 3853 7
1400 3828 1414 3852 ‚
1503 3811 1629 3843 meu.
1650 3796 1724 3843 cf.
1745 3796 1808 3843 ad
1824 3798 2001 3855 XXX,
2026 3799 2111 3857 18,
2131 3814 2181 3845 n.
2214 3800 2258 3845 3.
2277 3824 2349 3833 --
2373 3796 2515 3861 Cujus

403 3889 452 3919 n.
470 3872 519 3919 6.
548 3873 673 3918 Mox
690 3871 835 3918 verba
856 3883 910 3917 ut
925 3871 1069 3918 ambo
1079 3871 1287 3934 patricii
1302 3888 1415 3919 con·
1504 3873 1646 3919 Ientoe
1662 3873 1800 3920 velut
1815 3873 1939 3921 tabis
1958 3875 2089 3923 senio
2104 3893 2122 3922 .·
2145 3876 2258 3923 vide
2272 3876 2375 3926 adl
2386 3910 2400 3932 ‚
2421 3891 2483 3922 22
2501 3910 2515 3934 ,

401 3951 525 3998 sules
552 3961 830 3996 crearentur
850 3950 912 3997 ab
942 3949 1315 4014 interpolatore,
1361 3967 1415 3998 ea
1504 3966 1553 3997 n.
1581 3951 1626 3997 3.

405 4040 652 4092 repetente
665 4062 680 4088 ,
704 4027 1187 4095 profectalvidentur.
1578 4037 1625 4085 4.
1658 4029 1917 4075 Censuram
1938 4046 2127 4093 quoque
2145 4031 2196 4078 in
2211 4045 2407 4096 partem
2425 4050 2515 4080 vo-

475 4108 520 4154 3.
551 4108 717 4155 Caium
741 4124 912 4156 nomen
935 4108 1132 4169 Quintio
1151 4107 1391 4172 adjiciunt
1397 4143 1415 4165 ,
1508 4108 1615 4155 cari
1628 4107 1790 4171 plebes
1816 4107 2028 4154 volebat.
2052 4110 2330 4173 Legendum
2352 4123 2513 4159 censet
