3000 4717
2274 313 2519 363 A·-o.C40

446 325 576 407 124
1285 330 1360 396 T.
1428 330 1709 405 L1v11
2269 372 2326 412 U
2347 374 2396 414 0
2421 378 2516 416 3,

432 451 666 543 quies,
700 471 901 517 arma
927 447 1406 546 deponentem.
1445 454 1609 521 Hoc
1634 474 1870 548 neque
1894 474 2123 545 reges,
2152 475 2385 545 neque
2411 469 2571 527 ante

432 557 866 629 tribunitiam
875 574 1305 657 potestatem
1331 574 1642 631 creatam
1669 558 2002 661 superbos
2029 564 2186 633 illos
2213 563 2562 652 consules,

432 690 660 762 neque
676 675 865 738 triste
883 664 915 710 ⁶
944 667 1355 741 dictatoris
1324 677 1722 769 tmpertQum
1748 695 1983 769 neque
1998 675 2431 770 importunos
2447 674 2567 746 de-

433 783 765 848 cemviros
787 781 1175 875 injunxisse
1198 786 1543 852 servitutis
1550 838 1573 870 ‚
1611 798 1692 854 ut
1694 806 2091 880 perennem
2110 781 2434 854 militiam
2438 786 2568 875 fiz-

433 902 700 974 cerent,
729 889 933 985 quod
958 888 1226 961 tribuni
1249 890 1550 961 militum
1582 898 1657 962 in
1674 892 1898 990 plebe
1931 880 2239 964 romana
2270 918 2566 989 regnum

437 1013 863 1069 exercerent.
900 1000 1273 1090 Quidnam
1298 1000 1409 1073 illi
1437 1001 1764 1075 consules
1798 1003 2256 1076 dictatoresve
2271 1006 2576 1095 ⁷facturi

435 1123 693 1195 essent,
734 1117 865 1206 qu'i
890 1111 1492 1208 proconsularem
1538 1120 1921 1212 imaginem
1968 1129 2115 1186 tam
2165 1141 2431 1187 scevam
2481 1141 2569 1188 ac

434 1233 702 1289 trucem
712 1220 1028 1309 fecerint
1042 1223 1079 1292 Ρ
1104 1222 1253 1293 Sed
1282 1222 1366 1293 id
1389 1223 1720 1296 accidere
1745 1225 1955 1295 haud
1982 1231 2331 1304 immerito
2360 1255 2382 1297 .-
2419 1254 2566 1299 non

408 1329 648 1416 fitisse
683 1357 773 1404 ne
804 1339 878 1403 in
913 1347 1077 1405 octo
1111 1333 1404 1431 quidem
1425 1331 1455 1377 ⁸
1487 1335 1792 1407 tribunis
1825 1335 2131 1407 militum
2168 1335 2413 1407 locum.
2436 1336 2574 1408 ulli

413 1437 730 1534 plebeio.
767 1444 1012 1513 Antea
1040 1443 1422 1515 trina-loca
1451 1469 1616 1514 cum
1644 1451 2093 1517 contentione
2118 1471 2404 1517 summa
2416 1471 2565 1544 pa-

428 1555 666 1621 tricios
692 1551 983 1649 explere
1012 1552 1260 1625 solitos
1285 1581 1305 1624 .·
1331 1580 1703 1648 nuncJam
1740 1559 2105 1653 octojuges
2138 1555 2246 1626 ad
2265 1561 2567 1653 imperia

430 1659 816 1731 obtinenda
841 1667 939 1732 ire
951 1689 977 1748 ;
1006 1678 1074 1733 et
1097 1687 1191 1733 ne
1213 1669 1286 1733 in
1314 1665 1527 1735 turba
1557 1667 1895 1763 quidem9
1918 1666 2190 1736 hoerere
2197 1660 2567 1763 plebeium

430 1793 905 1867 quemquam,
949 1780 1110 1870 qui,
1150 1779 1217 1844 si
1245 1773 1429 1845 nihil
1465 1775 1712 1864 aliud,
1762 1777 2173 1847 admoneat
2207 1774 2561 1873 collegaS,

426 1879 687 1952 liberos
743 1901 817 1955 et
856 1889 1037 1956 cives
1091 1908 1336 1955 eorum
1364 1939 1384 1971 ‚
1439 1910 1591 1958 non
1647 1896 1884 1960 servos
1904 1943 1926 1975 ,
1971 1878 2295 1958 'militare
2311 1942 2334 1974 ,
2384 1910 2567 1980 quos
2619 1957 2625 1962 .

433 1990 665 2063 hieme
704 1993 958 2066 saltem
1008 2000 1084 2066 in
1135 1996 1394 2067 domos
1439 2021 1527 2067 ac
1570 2011 1758 2069 tecta
1802 1996 2055 2068 reduci
2091 2012 2450 2094 oporteat,
2500 2010 2574 2067 et

427 2101 681 2200 aliquo
720 2119 1042 2203 tempore
1081 2113 1267 2178 anni
1288 2123 1639 2205 parentes
1675 2107 2070 2206 liberosque
2111 2132 2202 2178 ac
2239 2109 2568 2202 conjuges

425 2282 566 2331 male.
593 2284 723 2334 Vide
756 2284 883 2333 infra
904 2286 1003 2334 hoc
1028 2282 1114 2334 lib.
1147 2302 1254 2351 cap.
1280 2287 1328 2333 6.
1356 2289 1449 2332 Ve-
1477 2322 1482 2326 .

427 2358 586 2408 nandi
623 2363 835 2410 studium
876 2381 938 2410 ac
974 2364 1206 2428 voluptas
1231 2364 1447 2412 homines

416 2455 514 2502 per
523 2439 651 2488 nives
666 2441 940 2504 acpruinas
953 2441 1003 2490 in
1016 2454 1199 2490 montes
1209 2442 1446 2508 silvasque

429 2518 575 2581 rapit.
593 2519 696 2566 Cic.
716 2522 850 2569 Orat.
874 2524 922 2568 11
935 2556 949 2580 ‚
969 2521 1111 2570 Catil.
1129 2537 1235 2587 cap.
1247 2537 1326 2569 ιο.
1343 2523 1450 2584 Quo

1617 2303 1662 2348 7.
1693 2286 1780 2335 Illi
1810 2289 2027 2336 consules
2053 2284 2389 2342 dictatoresve,
2427 2283 2479 2332 h.
2515 2301 2561 2333 e.

1536 2365 1608 2413 illi
1622 2366 1809 2414 tribuni
1823 2367 1925 2414 mil.
1938 2400 1953 2425 ,
1969 2366 2012 2414 si
2031 2365 2254 2415 consules
2270 2363 2389 2413 dict.
2410 2364 2562 2412 creati

1533 2445 1742 2503 fuissent
1750 2463 1766 2506 ;
1786 2446 1935 2495 Drak.
1958 2445 2140 2494 Confer
2157 2444 2293 2505 adv,
2317 2444 2381 2492 36
2396 2478 2411 2503 ,
2429 2460 2480 2491 ιι.
2502 2444 2558 2503 33

1539 2525 1641 2585 IX,
1667 2526 1757 2585 18,
1783 2526 1916 2585 n.3;
1943 2527 2046 2585 IX,
2073 2526 2170 2584 43,
2195 2540 2246 2571 ιι.
2269 2539 2325 2584 7;
2351 2525 2562 2582 XXIII,

425 2608 588 2644 autem
618 2609 772 2661 pacto
813 2598 889 2647 illi
919 2600 1257 2664 Apenninum,
1306 2612 1455 2665 atque
1544 2611 1602 2665 4,
1628 2621 1680 2653 ιι.
1713 2619 1773 2665 ι;
1805 2606 2011 2664 XXIX,
2048 2612 2143 2661 ι4,
2178 2620 2230 2651 ιι.
2256 2603 2314 2663 5;
2352 2604 2562 2660 XXXI,

426 2675 539 2724 ilias
547 2677 757 2740 pruinas
779 2693 841 2725 ac
854 2678 981 2727 nives
994 2678 1274 2746 perferent?
1286 2679 1424 2727 Idem
1435 2715 1451 2740 ,

421 2754 510 2802 lib.
531 2759 609 2815 H,
651 2756 712 2804 de
748 2757 862 2806 Nat.
891 2760 1040 2809 Deor.
1070 2775 1273 2825 eap.·10
1291 2794 1305 2820 ‚
1340 2777 1451 2824 qua·

424 2851 580 2900 neque
604 2838 935 2903 conglaciaret
950 2838 1249 2906 frigoribus,
1294 2856 1450 2905 neque

422 2913 529 2963 nive
544 2917 826 2981 pruinaque
850 2930 1186 2968 concresceret.
1212 2921 1305 2969 En.

498 2996 546 3042 6.
576 2997 748 3053 Triste,
765 3014 1012 3059 severum,
1031 2998 1209 3047 durum
1229 2997 1314 3063 (ut
1326 3001 1424 3046 vn
1433 3032 1447 3057 ,

427 3074 522 3132 28,
540 3090 592 3120 n.
622 3076 845 3136 53vn1,
869 3093 932 3125 21
952 3112 968 3138 ‚
986 3094 1037 3125 n.
1057 3093 1116 3136 23
1138 3079 1443 3134 XXXVIII,

425 3167 510 3200 22.
546 3150 816 3212 Confer-ad
852 3156 937 3204 Sil.
959 3158 1015 3214 -1,
1049 3155 1175 3219 147)
1206 3166 1256 3203 et
1279 3153 1444 3202 infini-

424 3242 531 3280 tum
545 3267 560 3293 ,
580 3232 831 3282 dictatoris
851 3234 1126 3299 imperium,
1152 3232 1204 3280 h.
1227 3249 1270 3281 e.
1295 3233 1445 3281 dicta-

423 3321 536 3372 tor,
582 3314 719 3373 cujus
753 3314 1014 3379 imperium
1050 3313 1115 3359 sit
1150 3311 1363 3375 rigidum
1396 3322 1445 3359 et

421 3390 527 3440 sine
549 3394 918 3457 provocatione.
937 3419 1008 3428 —
1030 3393 1338 3455 Importunos
1360 3390 1443 3437 de-

423 3471 677 3529 cemviros,
720 3482 776 3519 ut
822 3472 1005 3517 XXIX
1025 3504 1040 3529 ,
1094 3485 1151 3529 17
1197 3479 1320 3517 extr.
1339 3485 1353 3529 ;
1397 3481 1447 3518 et

425 3550 705 3598 XXXVIII
721 3585 735 3609 ,
762 3556 853 3610 143
875 3548 936 3597 de
955 3560 1196 3614 tyranno:
1220 3565 1335 3596 nam
1358 3549 1446 3597 im·

413 3642 655 3694 portunus
693 3630 926 3696 (proprie
964 3627 1343 3694 inopportunus)
1372 3642 1446 3679 est

424 3707 639 3756 difficilis
652 3746 666 3769 ,
683 3725 910 3759 morosus
926 3745 941 3771 ,
957 3709 1103 3758 nimis
1120 3725 1316 3757 severus
1327 3743 1342 3768 ,
1362 3710 1449 3758 du-

423 3803 532 3844 rus,
551 3788 784 3848 crudelis,
815 3790 900 3853 qui
919 3790 1155 3838 continuo
1181 3800 1328 3838 vexat
1350 3789 1443 3839 ho-

423 3867 579 3915 mines
590 3901 605 3925 ,
624 3882 784 3932 neque
802 3883 886 3916 eos
904 3870 1088 3935 patitur
1104 3886 1207 3919 esse
1225 3870 1441 3933 quiet033

426 3958 482 3995 ut
508 3957 679 3993 contra
703 3960 999 4010 opportunus
1026 3949 1206 3999 dicitur
1224 3966 1443 3999 commo·

426 4026 543 4085 dus,
581 4023 750 4071 facilis.
777 4052 847 4061 —
881 4027 1028 4087 Quod
1047 4044 1272 4093 regnum,
1302 4030 1442 4094 quale

428 4120 610 4167 saevum
632 4102 888 4168 imperium
903 4137 918 4161 ,
945 4118 1234 4153 exercerent.

1542 2691 1605 2739 42
1620 2718 1635 2744 ,
1649 2701 1701 2732 ιι.
1725 2686 1771 2732 3.
1785 2685 2269 2731 —Proconsularem
2283 2683 2559 2748 imaginem,

1541 2764 1657 2812 vide
1675 2763 1861 2824 aaeIIII,
1889 2770 1951 2818 41
1971 2797 1989 2822 ,
2012 2781 2062 2811 n.
2090 2779 2142 2812 α.

1606 2840 1659 2891 ’8.
1670 2843 1783 2890 Non
1798 2840 1944 2891 fiisse
1955 2856 2017 2887 ne
2030 2840 2081 2886 in
2100 2851 2209 2887 octo
2223 2838 2442 2904 quidem,
2465 2849 2561 2887 etc.

1536 2920 1778 2969 redundat
1798 2935 1898 2967 non
1926 2917 2076 2983 (vide
2096 2917 2160 2965 ad
2177 2920 2256 2976 II,
2284 2915 2374 2974 45,
2395 2931 2447 2962 ιι.
2471 2911 2564 2980 7),

1487 3054 1490 3057 ‚
1538 3009 1622 3046 aut
1655 2999 1818 3045 minor
1855 2995 2105 3044 distinctu>
2141 3005 2258 3059 post
2280 2993 2441 3059 fiisse
2466 3009 2561 3058 po-

1533 3076 1709 3124 nenda.
1724 3101 1795 3112 —-
1814 3074 1964 3121 Trina
1980 3073 2091 3120 loca
2111 3068 2253 3136 (vide
2273 3065 2337 3118 ad
2354 3072 2446 3130 IV,
2471 3074 2560 3134 16,

1533 3170 1583 3201 n.
1617 3155 1649 3201 5
1667 3153 1688 3218 )
1725 3154 1921 3217 explere
1959 3150 2270 3218 (ausfiillen)
2309 3153 2562 3217 consequi.

1534 3233 1717 3281 Confer
1740 3231 1804 3278 ad
1820 3234 1921 3292 111,
1943 3232 2037 3290 64,
2061 3247 2114 3280 ιι.
2141 3232 2188 3279 3.
2202 3233 2288 3275 2-‘
2305 3231 2562 3297 Octojuges

1536 3311 1857 3375 contemptim
1895 3327 1990 3376 pro
2023 3325 2037 3360 :
2077 3322 2312 3371 octonos,
2349 3322 2466 3359 octo
2499 3311 2562 3358 si-

1532 3390 1636 3438 mul
1650 3424 1665 3449 ,
1686 3390 1841 3439 instar
1871 3402 1948 3439 tot
1968 3406 2234 3454 equorum,
2259 3391 2349 3438 uni
2371 3389 2560 3459 currui,
2604 3390 2611 3399 “

1535 3487 1623 3518 seu
1638 3471 1760 3535 jugo
1773 3471 2074 3532 junctorum.
2100 3469 2188 3516 Ad
2211 3469 2414 3535 imperia
2435 3467 2556 3516 obti-

1535 3550 1724 3607 uemin,
1756 3561 1872 3599 octo
1894 3552 1958 3599 ad
1974 3566 2127 3598 unum
2150 3550 2392 3598 honorem
2411 3547 2557 3596 simul

1536 3630 1879 3689 obtinendum
1905 3631 2079 3678 Bauer.

1607 3726 1657 3774 9.
1679 3712 1755 3758 Ne
1774 3710 1822 3758 in
1843 3710 1987 3758 turba
2004 3708 2223 3774 quidem,
2243 3706 2298 3755 in
2315 3717 2454 3755 tanto
2471 3705 2557 3754 tri-

1533 3789 1778 3838 bunorum
1813 3804 2018 3838 numero
2032 3823 2047 3847 ‚
2096 3786 2278 3846 harere
2312 3785 2557 3850 plebeium

1534 3885 1849 3934 quemquam,
1872 3878 2058 3932 septem
2071 3865 2290 3930 patriciis
2303 3874 2529 3912 octavum
2538 3898 2556 3922 ,

1534 3965 1618 3996 seu
1637 3959 1939 4014 postremum
1959 3946 2202 3995 adhaerere
2216 3978 2230 4003 ,
2273 3943 2325 3990 h.
2357 3960 2400 3990 e.
2420 3940 2554 4000 adje-

1534 4037 1666 4076 ctum
1689 4039 1738 4075 et
1756 4027 1889 4074 velut
1914 4037 2130 4075 extremo
2152 4024 2265 4071 loco
2290 4019 2554 4069 admissum

1536 4124 1638 4156 esse
1653 4141 1668 4165 ‚
1693 4117 1752 4153 ut
1772 4115 2038 4153 extremum
2064 4100 2322 4151 adltaesisse
2340 4110 2552 4163 quaesto·

2272 4270 2279 4299 1
