3000 4717
496 373 631 445 272
841 341 847 354 ’
1259 399 1262 402 .
1328 351 1405 417 T.
1470 351 1750 419 L1v11
2002 429 2009 434 ,
2181 331 2314 430 ῧῑὲῑ
2339 319 2573 445 ἒξέἶὲξῑῖ

494 495 583 543 eo
621 471 784 541 loco
828 467 1318 558 dilabebatur,
1341 465 1949 565 ,refracturosque
1985 491 2346 541 carcerem
2384 472 2625 541 mina-

493 582 802 669 bantur3
847 601 1075 677 quum
1114 581 1455 667 remisso,
1509 580 1584 650 id
1621 578 1825 676 quod
1864 580 2184 675 erepturi
2218 594 2424 651 erant
2439 584 2494 669 4,
2529 607 2625 652 ex

494 705 786 764 senatus
813 689 1148 762 consulto
1177 689 1487 760 Manlius
1507 689 1812 766 vinculis
1833 686 2201 758 liberatur.
2232 685 2400 779 Quo
2429 686 2626 760 facto

493 826 645 874 non
686 800 943 871 seditio
989 799 1224 888 finita,
1281 799 1406 871 sed
1458 800 1612 870 dux
1660 798 1996 870 seditioni
2047 798 2255 869 datus
2304 811 2433 869 est.
2480 797 2623 870 Per

494 913 790 986 eosdem
837 911 989 982 dies
1036 913 1307 981 Latinis
1361 923 1432 981 et
1468 910 1831 994 Hernicis,
1873 907 2085 978 simul
2134 907 2411 979 colonis
2459 909 2623 979 Cir-

494 1021 897 1098 ceiensibus
925 1036 998 1094 et
1026 1022 1372 1094 aVelitris
1386 1018 1439 1109 ⁵,
1460 1018 1936 1118 purgantibus
1962 1045 2039 1091 se
2071 1020 2292 1090 volsci
2320 1020 2622 1091 crimine

491 1133 668 1205 belli
704 1133 1170 1229 captivosque
1215 1130 1749 1228 repetentibus,
1786 1144 1869 1200 ut
1901 1130 2046 1199 suis
2077 1128 2358 1227 legibus
2385 1130 2460 1198 in
2488 1153 2615 1199 eos

492 1242 1182 1329 animadverterent,
1240 1243 1467 1322 tristia
1524 1265 1874 1338 responsa
1917 1239 2200 1311 reddita
2229 1267 2248 1325 ς
2308 1240 2622 1311 tristiora

492 1354 771 1426 colonis
793 1407 812 1440 ,
868 1353 1068 1449 quod
1117 1354 1304 1424 cives
1342 1353 1623 1424 romani
1661 1352 1905 1449 patriae
1949 1349 2452 1450 oppugnandae
2484 1373 2623 1420 ne-

493 1460 706 1533 fanda
752 1463 1048 1532 consilia
1092 1465 1412 1534 inissent.
1459 1465 1628 1533 Non
1666 1474 2006 1558 negatum
2051 1460 2298 1556 itaque
2336 1473 2619 1530 tantum

494 1572 584 1646 de
621 1573 956 1668 captivis3
994 1572 1156 1659 sed,
1197 1574 1272 1642 in
1316 1595 1468 1669 quo
1507 1571 1598 1642 ab
1639 1573 1846 1643 sociis
1890 1584 2132 1640 tamen
2170 1584 2620 1666 temperave-

492 1695 655 1752 rant
675 1736 695 1767 ,
756 1681 1264 1753 denuntiatum
1311 1696 1604 1754 senatus
1642 1680 1916 1768 verbiS,
1968 1678 2401 1751 facesserent
2443 1703 2619 1777 pro-

492 1808 666 1889 pere
701 1813 791 1861 ex
828 1791 1025 1862 Urbe
1045 1846 1064 1880 ,
1101 1790 1192 1863 ab
1225 1806 1608 1888 oresatque
1641 1790 1872 1863 oeulis
1901 1789 2155 1887 populi
2184 1791 2495 1874 romani,
2523 1814 2621 1859 ne

491 1902 671 1972 nihil
696 1926 822 1972 eos
850 1901 1229 1999 legationis
1252 1903 1403 1997 jue,
1431 1915 1735 1972 externo
1758 1923 1911 1972 non
1929 1901 2067 1971 civi
2089 1913 2616 1996 comparatum,

492 2028 786 2110 tegeret.
1151 2009 1165 2028 ³
1431 2097 1435 2101 ι
2420 2007 2426 2014 ’

589 2129 845 2199 XVIII.
874 2126 1449 2197 Recrudescente
1467 2125 1833 2195 Manliana
1852 2122 2205 2193 seditione
2218 2175 2236 2208 ,
2265 2118 2398 2191 sub
2419 2120 2622 2190 exitu

495 2240 668 2309 anni
696 2238 982 2307 comitia
1011 2229 1254 2306 habita
1275 2289 1293 2321 ‚
1331 2236 1696 2329 creatique
1723 2232 2002 2303 tribuni
2023 2232 2331 2302 militum
2360 2252 2622 2298 consu-

493 2352 621 2420 lari
659 2337 1012 2451 potestate
1052 2374 1140 2418 ex
1176 2346 1509 2417 Patribus
1534 2351 1681 2417 Ser.
1709 2346 2088 2417 Cornelius
2105 2343 2620 2440 Maluginensis

491 2461 784 2529 tertium
803 2512 823 2543 ,
861 2458 1267 2528 P.Valerius
1295 2460 1576 2528 Potitus
1612 2459 1871 2527 iterum
1892 2511 1910 2541 ,
1944 2460 2042 2527 M.
2081 2456 2333 2525 Furius
2358 2452 2618 2523 Camil—

493 2568 672 2653 lust,
705 2571 852 2637 Ser.
878 2568 1234 2668 Sulpicius
1255 2567 1482 2640 Rufus
1510 2570 1808 2657 iterum,
1847 2573 1927 2639 C.
1951 2568 2272 2663 Papirius
2291 2570 2613 2651 CrassuS,

489 2681 569 2747 T.
604 2678 946 2768 Quintius
990 2680 1460 2749 Cincinnatus
1507 2678 1929 2749 secundum.
1988 2679 2212 2772 Cujus
2260 2674 2617 2775 principio

493 2788 666 2859 anni
711 2802 782 2858 et
833 2788 1160 2860 Patribus
1209 2804 1279 2861 et
1328 2788 1522 2886 plebi
1563 2803 2108 2887 peropportune
2146 2802 2444 2859 externa
2477 2807 2619 2881 pax

492 2898 657 2970 'data
696 2923 710 2967 τ
759 2898 994 2996 plebi,
1047 2900 1249 2996 quod
1301 2925 1450 2970 non
1491 2913 1785 2969 avocata
1820 2899 2107 2970 delectu
2141 2921 2345 2996 spem
2386 2895 2615 2991 cepit,

492 3007 668 3079 dum
693 3023 836 3114 tam
866 3023 1241 3106 potentem
1265 3008 1566 3079 haberet
1589 3008 1844 3090 ducem
1864 3064 1883 3098 ,
1923 3007 2190 3080 fenoris
2210 3025 2617 3105 expugnan-

493 3113 602 3202 di;
622 3116 980 3204 PatribuS,
1004 3143 1096 3188 ne
1119 3143 1271 3214 quo
1293 3133 1595 3189 externo
1610 3132 1888 3189 terrore
1907 3131 2382 3190 avocarentur
2400 3114 2619 3186 animi

563 3317 612 3364 4.
626 3310 837 3357 Remissa
845 3337 864 3367 5
887 3311 946 3358 id.
956 3309 1094 3374 quod
1106 3310 1319 3373 empturi
1338 3305 1482 3357 eritne
1492 3327 1513 3358 .-
1599 3309 1820 3374 adeoque
1833 3312 1891 3359 id
1900 3312 2066 3360 durius
2077 3311 2318 3361 redundat
2330 3319 2443 3359 ante
2456 3308 2611 3375 quod,

491 3392 621 3440 forte
638 3390 732 3439 del.
753 3390 809 3440 τὸ
828 3390 903 3446 id,
928 3400 1010 3435 aut
1028 3377 1124 3451 pro
1142 3388 1197 3435 id
1209 3389 1303 3452 leg.
1324 3401 1381 3435 eo
1395 3377 1515 3436 'cun
1600 3391 1912 3454 positumque
1937 3406 2030 3455 pro
2052 3407 2139 3448 εος
2155 3391 2327 3438 Bauer.
2343 3390 2529 3438 Confer
2551 3387 2613 3435 ad

488 3468 611 3516 aliis.
637 3469 889 3531 «quuod
904 3480 976 3515 est
995 3469 1095 3515 fere
1114 3467 1240 3515 idem
1259 3468 1513 3533 quod(ge·
1601 3472 1651 3528 Ι,
1680 3476 1741 3524 4ι
1763 3505 1777 3527 ,
1799 3486 1850 3518 n.
1885 3485 1963 3517 xo.

488 3547 610 3594 rade
623 3547 740 3607 das)
749 3579 766 3602 ‚
784 3557 832 3594 et
845 3546 942 3592 hoc
962 3543 1024 3593 id
1027 3559 1215 3611 semper
1230 3547 1293 3593 ad
1306 3559 1515 3609 sequens
1674 3548 1720 3595 5.
1744 3549 1936 3596 Gelonis
1953 3565 1987 3596 a
2004 3548 2219 3606 Velitris,
2240 3548 2355 3595 vide
2370 3546 2434 3594 ad
2452 3547 2501 3603 1,
2523 3545 2614 3602 50,

489 3625 627 3688 quod
638 3623 946 3671 referendum
960 3636 1034 3672 est
1052 3626 1120 3673 ita
1135 3638 1189 3674 nt
1202 3641 1313 3673 cum
1332 3641 1393 3672 eo
1409 3626 1515 3671 uni·
1600 3643 1650 3674 n.
1667 3643 1716 3674 α.
1734 3653 1807 3664 ---
1822 3629 1900 3674 Ne
1916 3626 2041 3675 nihil
2053 3641 2135 3673 eos
2155 3638 2333 3692 tegeret
2343 3662 2358 3682 ,
2387 3641 2450 3692 ne
2471 3640 2615 3688 expe·

488 3719 594 3751 cam
622 3703 759 3767 quasi
783 3718 953 3750 vocem
979 3703 1185 3761 efficiat,
1203 3704 1317 3751 vide
1335 3706 1385 3762 Ι,
1406 3719 1514 3768 cap.
1595 3706 1830 3765 rit-entur,
1849 3706 1973 3754 nihil
1994 3721 2084 3754 eos
2109 3715 2296 3768 tegere,
2319 3715 2413 3751 ete.
2441 3706 2590 3753 Dour.

494 3790 581 3839 14,
608 3783 736 3829 med.
759 3793 806 3830 et
827 3785 904 3840 11,
935 3784 962 3829 3
981 3799 1054 3846 pr.
1078 3805 1104 3824 n
1128 3784 1388 3831 strothius.
1418 3779 1516 3830 sed
1666 3786 1788 3833 cn.
1808 3787 2000 3832 xvm.
2020 3797 2065 3831 1.
2101 3786 2171 3832 M.
2187 3785 2359 3831 Furius
2386 3781 2615 3831 Gamillus

440 3921 446 3930 ,
487 3859 595 3907 haec
612 3863 831 3923 exempla
852 3861 1104 3924 dissimilia
1131 3873 1278 3910 sunt:
1302 3877 1414 3909 nm
1432 3862 1515 3909 hie
1597 3863 1817 3927 quintum
1836 3864 1898 3911 al.
1913 3867 2071 3910 Immo
2083 3871 2290 3910 sextum.
2304 3864 2432 3909 Mox
2447 3871 2615 3907 coorta

489 3937 652 3984 Ablat.
680 3938 873 3987 remisso
900 3941 1133 4004 impedit,
1160 3943 1240 3988 cui
1265 3942 1338 3988 nil
1365 3942 1509 4004 plane
1599 3953 1740 3998 esset,
1762 3943 1876 4007 jam
1891 3942 2219 4006 propinquum
2249 3950 2491 3986 certamen
2524 3938 2615 3984 ad·

489 4015 795 4073 subjiciatur,
833 4018 874 4062 si
911 4018 967 4064 id
985 4019 1122 4081 quod
1139 4035 1184 4065 e.
1210 4030 1352 4067 erant
1372 4020 1510 4081 quasi
1598 4031 1704 4067 erat
1716 4039 1737 4077 ‚·
1755 4031 1802 4067 et
1818 4021 2059 4076 Manlius,
2081 4019 2350 4074 advocata,
2373 4029 2467 4065 etc.
2484 4017 2615 4076 oonj.

489 4107 577 4154 per
598 4092 933 4153 parenthesin,
961 4107 1015 4142 ut
1044 4089 1213 4153 debet,
1232 4099 1476 4160 acceperis
1492 4113 1511 4146 :·
1598 4100 2087 4147 Gron.etBauer.Ille
2099 4096 2612 4145 veromalebatcoorm
