<?xml version="1.0" encoding="UTF-8"?>
<!DOCTYPE html PUBLIC "-//W3C//DTD XHTML 1.0 Transitional//EN"
    "http://www.w3.org/TR/xhtml1/DTD/xhtml1-transitional.dtd">
<html xmlns="http://www.w3.org/1999/xhtml" xml:lang="en" lang="en">
 <head>
  <title>
</title>
<meta http-equiv="Content-Type" content="text/html;charset=utf-8" />
  <meta name='ocr-system' content='tesseract 3.04.00' />
  <meta name='ocr-capabilities' content='ocr_page ocr_carea ocr_par ocr_line ocrx_word'/>
</head>
<body>
  <div class='ocr_page' id='page_1' title='image "./titusliviuspata00unkngoog_0495.png"; bbox 0 0 3000 4717; ppageno 0'>
   <div class='ocr_carea' id='block_1_1' title="bbox 460 337 697 379">
    <p class='ocr_par' dir='ltr' id='par_1_1' title="bbox 460 337 697 379">
     <span class='ocr_line' id='line_1_1' title="bbox 460 337 697 379; baseline -0.013 -1"><span class='ocrx_word' id='word_1_1' title='bbox 460 341 509 379; x_wconf 78' lang='lat' dir='ltr'>A.</span> <span class='ocrx_word' id='word_1_2' title='bbox 535 337 581 378; x_wconf 86' lang='lat' dir='ltr'>C.</span> <span class='ocrx_word' id='word_1_3' title='bbox 607 339 697 378; x_wconf 78' lang='lat'><strong>322.</strong></span> 
     </span>
    </p>
   </div>
   <div class='ocr_carea' id='block_1_2' title="bbox 457 309 2505 447">
    <p class='ocr_par' dir='ltr' id='par_1_2' title="bbox 457 309 2505 447">
     <span class='ocr_line' id='line_1_2' title="bbox 457 309 2505 447; baseline -0.003 -17"><span class='ocrx_word' id='word_1_4' title='bbox 457 400 699 447; x_wconf 48' lang='lat' dir='ltr'>mm</span> <span class='ocrx_word' id='word_1_5' title='bbox 833 358 1152 426; x_wconf 84' lang='lat' dir='ltr'>LIBER</span> <span class='ocrx_word' id='word_1_6' title='bbox 1200 309 1412 425; x_wconf 71' lang='lat' dir='ltr'><strong>‘v&#39;1&#39;1‘1.</strong></span> <span class='ocrx_word' id='word_1_7' title='bbox 1451 315 1682 426; x_wconf 50' lang='lat' dir='ltr'>‘CA-R</span> <span class='ocrx_word' id='word_1_8' title='bbox 1737 358 2100 425; x_wconf 77' lang='lat' dir='ltr'>xxxin.</span> <span class='ocrx_word' id='word_1_9' title='bbox 2379 351 2505 424; x_wconf 81' lang='lat'>501</span> 
     </span>
    </p>
   </div>
   <div class='ocr_carea' id='block_1_3' title="bbox 379 479 2552 2682">
    <p class='ocr_par' dir='ltr' id='par_1_3' title="bbox 379 479 2552 2682">
     <span class='ocr_line' id='line_1_3' title="bbox 408 479 2516 578; baseline 0 -30"><span class='ocrx_word' id='word_1_10' title='bbox 408 512 443 548; x_wconf 76' lang='grc' dir='ltr'><strong>α</strong></span> <span class='ocrx_word' id='word_1_11' title='bbox 484 506 675 552; x_wconf 91' lang='lat' dir='ltr'>unus</span> <span class='ocrx_word' id='word_1_12' title='bbox 724 481 919 578; x_wconf 81' lang='lat' dir='ltr'>plus,</span> <span class='ocrx_word' id='word_1_13' title='bbox 972 505 1187 576; x_wconf 89' lang='lat' dir='ltr'>quam</span> <span class='ocrx_word' id='word_1_14' title='bbox 1234 495 1357 551; x_wconf 88' lang='lat' dir='ltr'>tua</span> <span class='ocrx_word' id='word_1_15' title='bbox 1406 479 1792 567; x_wconf 86' lang='lat' dir='ltr'>dictatura,</span> <span class='ocrx_word' id='word_1_16' title='bbox 1844 492 2086 576; x_wconf 89' lang='lat' dir='ltr'>potest</span> <span class='ocrx_word' id='word_1_17' title='bbox 2127 481 2516 577; x_wconf 86' lang='lat' dir='ltr'>polletque.</span> 
     </span>
     <span class='ocr_line' id='line_1_4' title="bbox 408 590 2527 687; baseline -0.001 -23"><span class='ocrx_word' id='word_1_18' title='bbox 408 624 442 664; x_wconf 78' lang='grc' dir='ltr'>(ς</span> <span class='ocrx_word' id='word_1_19' title='bbox 484 593 789 681; x_wconf 76' lang='lat' dir='ltr'>Videt-o,</span> <span class='ocrx_word' id='word_1_20' title='bbox 833 616 1256 663; x_wconf 84' lang='lat' dir='ltr'>cessurusne</span> <span class='ocrx_word' id='word_1_21' title='bbox 1292 590 1788 687; x_wconf 86' lang='lat' dir='ltr'>provocationi</span> <span class='ocrx_word' id='word_1_22' title='bbox 1825 590 1917 661; x_wconf 91' lang='lat' dir='ltr'>sis</span> <span class='ocrx_word' id='word_1_23' title='bbox 1936 644 1955 678; x_wconf 74' lang='lat'>,</span> <span class='ocrx_word' id='word_1_24' title='bbox 1995 590 2110 659; x_wconf 91' lang='lat' dir='ltr'>cui</span> <span class='ocrx_word' id='word_1_25' title='bbox 2142 615 2268 660; x_wconf 86' lang='lat' dir='ltr'>rex</span> <span class='ocrx_word' id='word_1_26' title='bbox 2295 616 2527 662; x_wconf 88' lang='lat' dir='ltr'>roma-</span> 
     </span>
     <span class='ocr_line' id='line_1_5' title="bbox 379 689 2527 775; baseline 0.001 -5"><span class='ocrx_word' id='word_1_27' title='bbox 379 689 444 771; x_wconf 60' lang='grc' dir='ltr'>ἰ(</span> <span class='ocrx_word' id='word_1_28' title='bbox 485 729 623 775; x_wconf 89' lang='lat' dir='ltr'>nus</span> <span class='ocrx_word' id='word_1_29' title='bbox 636 702 883 774; x_wconf 85' lang='lat' dir='ltr'><strong>Tullus</strong></span> <span class='ocrx_word' id='word_1_30' title='bbox 910 701 1252 773; x_wconf 88' lang='lat' dir='ltr'>Hostilius</span> <span class='ocrx_word' id='word_1_31' title='bbox 1285 697 1561 771; x_wconf 63' lang='lat' dir='ltr'>cessitfi.</span> <span class='ocrx_word' id='word_1_32' title='bbox 1579 731 1612 765; x_wconf 83' lang='lat'>›&gt;</span> <span class='ocrx_word' id='word_1_33' title='bbox 1636 705 1742 770; x_wconf 86' lang='lat' dir='ltr'>Ex</span> <span class='ocrx_word' id='word_1_34' title='bbox 1771 701 1968 771; x_wconf 89' lang='lat' dir='ltr'>curia</span> <span class='ocrx_word' id='word_1_35' title='bbox 1996 701 2072 770; x_wconf 89' lang='lat' dir='ltr'>in</span> <span class='ocrx_word' id='word_1_36' title='bbox 2101 703 2527 773; x_wconf 85' lang='lat' dir='ltr'>concionem</span> 
     </span>
     <span class='ocr_line' id='line_1_6' title="bbox 410 812 2527 910; baseline 0 -28"><span class='ocrx_word' id='word_1_37' title='bbox 410 814 578 884; x_wconf 90' lang='lat' dir='ltr'>itur.</span> <span class='ocrx_word' id='word_1_38' title='bbox 630 815 796 903; x_wconf 89' lang='lat' dir='ltr'>Quo</span> <span class='ocrx_word' id='word_1_39' title='bbox 848 837 1015 882; x_wconf 90' lang='lat' dir='ltr'>cum</span> <span class='ocrx_word' id='word_1_40' title='bbox 1071 814 1317 910; x_wconf 81' lang='lat' dir='ltr'>paucis</span> <span class='ocrx_word' id='word_1_41' title='bbox 1376 812 1714 899; x_wconf 83' lang='lat' dir='ltr'>dictator,</span> <span class='ocrx_word' id='word_1_42' title='bbox 1764 836 1930 882; x_wconf 91' lang='lat' dir='ltr'>cum</span> <span class='ocrx_word' id='word_1_43' title='bbox 1987 812 2187 881; x_wconf 89' lang='lat' dir='ltr'>omni</span> <span class='ocrx_word' id='word_1_44' title='bbox 2244 814 2527 908; x_wconf 87' lang='lat' dir='ltr'>agmine</span> 
     </span>
     <span class='ocr_line' id='line_1_7' title="bbox 410 920 2532 1022; baseline -0.002 -27"><span class='ocrx_word' id='word_1_45' title='bbox 410 926 823 1022; x_wconf 86' lang='lat' dir='ltr'>principum</span> <span class='ocrx_word' id='word_1_46' title='bbox 865 925 1201 1021; x_wconf 86' lang='lat' dir='ltr'>magister</span> <span class='ocrx_word' id='word_1_47' title='bbox 1253 924 1583 1018; x_wconf 88' lang='lat' dir='ltr'>equitum</span> <span class='ocrx_word' id='word_1_48' title='bbox 1627 946 1855 1019; x_wconf 87' lang='lat' dir='ltr'>quum</span> <span class='ocrx_word' id='word_1_49' title='bbox 1897 920 2330 992; x_wconf 84' lang='lat' dir='ltr'>escendisset</span> <span class='ocrx_word' id='word_1_50' title='bbox 2353 974 2372 1006; x_wconf 87' lang='lat'>‚</span> <span class='ocrx_word' id='word_1_51' title='bbox 2412 920 2532 991; x_wconf 91' lang='lat' dir='ltr'>de-</span> 
     </span>
     <span class='ocr_line' id='line_1_8' title="bbox 411 1028 2531 1129; baseline -0.003 -24"><span class='ocrx_word' id='word_1_52' title='bbox 411 1033 579 1105; x_wconf 90' lang='lat' dir='ltr'>duci</span> <span class='ocrx_word' id='word_1_53' title='bbox 630 1058 796 1104; x_wconf 91' lang='lat' dir='ltr'>eum</span> <span class='ocrx_word' id='word_1_54' title='bbox 844 1033 933 1104; x_wconf 89' lang='lat' dir='ltr'>de</span> <span class='ocrx_word' id='word_1_55' title='bbox 985 1034 1234 1104; x_wconf 86' lang='lat' dir='ltr'>rostris</span> <span class='ocrx_word' id='word_1_56' title='bbox 1284 1033 1601 1129; x_wconf 87' lang='lat' dir='ltr'>Papirius</span> <span class='ocrx_word' id='word_1_57' title='bbox 1655 1032 1730 1099; x_wconf 88' lang='lat' dir='ltr'>in</span> <span class='ocrx_word' id='word_1_58' title='bbox 1787 1044 2064 1127; x_wconf 89' lang='lat' dir='ltr'>partem</span> <span class='ocrx_word' id='word_1_59' title='bbox 2114 1028 2531 1101; x_wconf 88' lang='lat' dir='ltr'>inferiorem</span> 
     </span>
     <span class='ocr_line' id='line_1_9' title="bbox 404 1142 2532 1241; baseline -0.002 -27"><span class='ocrx_word' id='word_1_60' title='bbox 404 1145 635 1239; x_wconf 85' lang='lat' dir='ltr'>jussit.</span> <span class='ocrx_word' id='word_1_61' title='bbox 677 1149 1043 1239; x_wconf 89' lang='lat' dir='ltr'>Sequutus</span> <span class='ocrx_word' id='word_1_62' title='bbox 1071 1159 1307 1241; x_wconf 85' lang='lat' dir='ltr'>pater,</span> <span class='ocrx_word' id='word_1_63' title='bbox 1343 1174 1376 1208; x_wconf 89' lang='lat'>«</span> <span class='ocrx_word' id='word_1_64' title='bbox 1404 1149 1597 1213; x_wconf 86' lang='lat' dir='ltr'>Bene</span> <span class='ocrx_word' id='word_1_65' title='bbox 1633 1142 1779 1238; x_wconf 83' lang='lat' dir='ltr'>agis</span> <span class='ocrx_word' id='word_1_66' title='bbox 1801 1196 1819 1229; x_wconf 90' lang='lat'>‚</span> <span class='ocrx_word' id='word_1_67' title='bbox 1859 1142 2133 1237; x_wconf 77' lang='lat' dir='ltr'>inquit,</span> <span class='ocrx_word' id='word_1_68' title='bbox 2173 1166 2400 1237; x_wconf 90' lang='lat' dir='ltr'>quum</span> <span class='ocrx_word' id='word_1_69' title='bbox 2444 1166 2532 1212; x_wconf 89' lang='lat' dir='ltr'>eo</span> 
     </span>
     <span class='ocr_line' id='line_1_10' title="bbox 410 1252 2532 1349; baseline -0.001 -24"><span class='ocrx_word' id='word_1_70' title='bbox 410 1282 447 1318; x_wconf 75' lang='grc' dir='ltr'>α</span> <span class='ocrx_word' id='word_1_71' title='bbox 485 1278 620 1325; x_wconf 88' lang='lat' dir='ltr'>nos</span> <span class='ocrx_word' id='word_1_72' title='bbox 666 1253 930 1325; x_wconf 89' lang='lat' dir='ltr'>deduci</span> <span class='ocrx_word' id='word_1_73' title='bbox 962 1254 1266 1349; x_wconf 86' lang='lat' dir='ltr'>jussisti,</span> <span class='ocrx_word' id='word_1_74' title='bbox 1300 1252 1498 1324; x_wconf 90' lang='lat' dir='ltr'>unde</span> <span class='ocrx_word' id='word_1_75' title='bbox 1532 1268 1602 1325; x_wconf 88' lang='lat' dir='ltr'>et</span> <span class='ocrx_word' id='word_1_76' title='bbox 1635 1253 1894 1349; x_wconf 88' lang='lat' dir='ltr'>privati</span> <span class='ocrx_word' id='word_1_77' title='bbox 1917 1262 2214 1322; x_wconf 84' lang='lat' dir='ltr'>vocem7</span> <span class='ocrx_word' id='word_1_78' title='bbox 2249 1252 2532 1323; x_wconf 88' lang='lat' dir='ltr'>mittere</span> 
     </span>
     <span class='ocr_line' id='line_1_11' title="bbox 412 1362 2533 1461; baseline 0.002 -33"><span class='ocrx_word' id='word_1_79' title='bbox 412 1393 448 1428; x_wconf 73' lang='grc' dir='ltr'>(ε</span> <span class='ocrx_word' id='word_1_80' title='bbox 491 1388 939 1460; x_wconf 80' lang='lat' dir='ltr'>possemus.»</span> <span class='ocrx_word' id='word_1_81' title='bbox 969 1362 1082 1435; x_wconf 93' lang='lat' dir='ltr'>Ibi</span> <span class='ocrx_word' id='word_1_82' title='bbox 1109 1365 1345 1461; x_wconf 90' lang='lat' dir='ltr'>primo</span> <span class='ocrx_word' id='word_1_83' title='bbox 1374 1389 1529 1435; x_wconf 90' lang='lat' dir='ltr'>non</span> <span class='ocrx_word' id='word_1_84' title='bbox 1554 1377 1700 1434; x_wconf 88' lang='lat' dir='ltr'>tam</span> <span class='ocrx_word' id='word_1_85' title='bbox 1728 1378 2097 1460; x_wconf 82' lang='lat' dir='ltr'>perpetuae</span> <span class='ocrx_word' id='word_1_86' title='bbox 2133 1362 2496 1432; x_wconf 89' lang='lat' dir='ltr'>orationes</span> <span class='ocrx_word' id='word_1_87' title='bbox 2514 1416 2533 1451; x_wconf 87' lang='lat'>‚</span> 
     </span>
     <span class='ocr_line' id='line_1_12' title="bbox 413 1470 2534 1576; baseline -0.002 -30"><span class='ocrx_word' id='word_1_88' title='bbox 413 1499 634 1572; x_wconf 88' lang='lat' dir='ltr'>quam</span> <span class='ocrx_word' id='word_1_89' title='bbox 669 1475 1070 1563; x_wconf 85' lang='lat' dir='ltr'>altercati0‚</span> <span class='ocrx_word' id='word_1_90' title='bbox 1109 1474 1683 1550; x_wconf 85' lang='lat' dir='ltr'>exaudiebantur</span> <span class='ocrx_word' id='word_1_91' title='bbox 1703 1470 1951 1576; x_wconf 76' lang='lat' dir='ltr'>⁸.Vicit</span> <span class='ocrx_word' id='word_1_92' title='bbox 1979 1472 2244 1544; x_wconf 88' lang='lat' dir='ltr'>deinde</span> <span class='ocrx_word' id='word_1_93' title='bbox 2279 1474 2534 1570; x_wconf 87' lang='lat' dir='ltr'>strepi-</span> 
     </span>
     <span class='ocr_line' id='line_1_13' title="bbox 413 1584 2540 1683; baseline -0.001 -27"><span class='ocrx_word' id='word_1_94' title='bbox 413 1600 569 1656; x_wconf 89' lang='lat' dir='ltr'>tum</span> <span class='ocrx_word' id='word_1_95' title='bbox 607 1611 750 1656; x_wconf 87' lang='lat' dir='ltr'>vox</span> <span class='ocrx_word' id='word_1_96' title='bbox 788 1602 859 1657; x_wconf 92' lang='lat' dir='ltr'>et</span> <span class='ocrx_word' id='word_1_97' title='bbox 888 1585 1287 1683; x_wconf 85' lang='lat' dir='ltr'>indignatio</span> <span class='ocrx_word' id='word_1_98' title='bbox 1315 1585 1512 1656; x_wconf 89' lang='lat' dir='ltr'>Fabii</span> <span class='ocrx_word' id='word_1_99' title='bbox 1544 1586 1732 1656; x_wconf 89' lang='lat' dir='ltr'>senis</span> <span class='ocrx_word' id='word_1_100' title='bbox 1753 1639 1772 1674; x_wconf 87' lang='lat'>,</span> <span class='ocrx_word' id='word_1_101' title='bbox 1811 1584 2251 1682; x_wconf 87' lang='lat' dir='ltr'>increpantis</span> <span class='ocrx_word' id='word_1_102' title='bbox 2285 1609 2540 1681; x_wconf 91' lang='lat' dir='ltr'>super-</span> 
     </span>
     <span class='ocr_line' id='line_1_14' title="bbox 413 1693 2539 1793; baseline 0.001 -28"><span class='ocrx_word' id='word_1_103' title='bbox 413 1693 608 1766; x_wconf 85' lang='lat' dir='ltr'>biam</span> <span class='ocrx_word' id='word_1_104' title='bbox 648 1697 1292 1793; x_wconf 86' lang='lat' dir='ltr'>crudelitatemque</span> <span class='ocrx_word' id='word_1_105' title='bbox 1326 1698 1627 1793; x_wconf 88' lang='lat' dir='ltr'>Papirii:</span> <span class='ocrx_word' id='word_1_106' title='bbox 1669 1702 1754 1769; x_wconf 89' lang='lat' dir='ltr'>Se</span> <span class='ocrx_word' id='word_1_107' title='bbox 1787 1721 2084 1793; x_wconf 88' lang='lat' dir='ltr'>quoque</span> <span class='ocrx_word' id='word_1_108' title='bbox 2116 1696 2539 1768; x_wconf 84' lang='lat' dir='ltr'>dictatorem</span> 
     </span>
     <span class='ocr_line' id='line_1_15' title="bbox 412 1808 2538 1907; baseline 0.001 -32"><span class='ocrx_word' id='word_1_109' title='bbox 412 1811 673 1877; x_wconf 79' lang='lat' dir='ltr'>Romoe</span> <span class='ocrx_word' id='word_1_110' title='bbox 679 1809 958 1896; x_wconf 85' lang='lat' dir='ltr'>fuisse,</span> <span class='ocrx_word' id='word_1_111' title='bbox 1004 1832 1139 1879; x_wconf 85' lang='lat' dir='ltr'>nec</span> <span class='ocrx_word' id='word_1_112' title='bbox 1162 1834 1209 1878; x_wconf 93' lang='lat' dir='ltr'>a</span> <span class='ocrx_word' id='word_1_113' title='bbox 1240 1834 1317 1879; x_wconf 91' lang='lat' dir='ltr'>se</span> <span class='ocrx_word' id='word_1_114' title='bbox 1343 1833 1824 1905; x_wconf 89' lang='lat' dir='ltr'>quemquam,</span> <span class='ocrx_word' id='word_1_115' title='bbox 1864 1833 1956 1879; x_wconf 89' lang='lat' dir='ltr'>ne</span> <span class='ocrx_word' id='word_1_116' title='bbox 1973 1808 2214 1907; x_wconf 83' lang='lat' dir='ltr'>plebis</span> <span class='ocrx_word' id='word_1_117' title='bbox 2248 1810 2538 1906; x_wconf 88' lang='lat' dir='ltr'>quidem</span> 
     </span>
     <span class='ocr_line' id='line_1_16' title="bbox 414 1915 2539 2008; baseline 0.001 -21"><span class='ocrx_word' id='word_1_118' title='bbox 414 1915 817 2006; x_wconf 77' lang='lat' dir='ltr'>hominem,</span> <span class='ocrx_word' id='word_1_119' title='bbox 847 1944 997 1989; x_wconf 93' lang='lat' dir='ltr'>non</span> <span class='ocrx_word' id='word_1_120' title='bbox 1037 1925 1556 2008; x_wconf 77' lang='lat' dir='ltr'>centurionem,</span> <span class='ocrx_word' id='word_1_121' title='bbox 1589 1945 1736 1994; x_wconf 90' lang='lat' dir='ltr'>non</span> <span class='ocrx_word' id='word_1_122' title='bbox 1771 1919 2104 2008; x_wconf 83' lang='lat' dir='ltr'>militem,</span> <span class='ocrx_word' id='word_1_123' title='bbox 2142 1920 2539 2006; x_wconf 83' lang='lat' dir='ltr'>violatum,-</span> 
     </span>
     <span class='ocr_line' id='line_1_17' title="bbox 416 2032 2540 2126; baseline 0.001 -30"><span class='ocrx_word' id='word_1_124' title='bbox 416 2032 792 2126; x_wconf 84' lang='lat' dir='ltr'>Papirium</span> <span class='ocrx_word' id='word_1_125' title='bbox 809 2084 831 2117; x_wconf 88' lang='lat'><em>‚</em></span> <span class='ocrx_word' id='word_1_126' title='bbox 880 2046 1231 2126; x_wconf 81' lang='lat' dir='ltr'>tanquam</span> <span class='ocrx_word' id='word_1_127' title='bbox 1274 2058 1376 2103; x_wconf 70' lang='lat' dir='ltr'>ex</span> <span class='ocrx_word' id='word_1_128' title='bbox 1406 2032 1715 2104; x_wconf 76' lang='lat' dir='ltr'>bostium</span> <span class='ocrx_word' id='word_1_129' title='bbox 1759 2033 2063 2106; x_wconf 84' lang='lat' dir='ltr'>ducibus</span> <span class='ocrx_word' id='word_1_130' title='bbox 2082 2085 2104 2118; x_wconf 88' lang='lat'><em>‚</em></span> <span class='ocrx_word' id='word_1_131' title='bbox 2150 2039 2248 2102; x_wconf 90' lang='lat' dir='ltr'>sic</span> <span class='ocrx_word' id='word_1_132' title='bbox 2285 2056 2382 2102; x_wconf 76' lang='lat' dir='ltr'>ex</span> <span class='ocrx_word' id='word_1_133' title='bbox 2417 2052 2540 2099; x_wconf 85' lang='lat' dir='ltr'>ro-</span> 
     </span>
     <span class='ocr_line' id='line_1_18' title="bbox 418 2143 2540 2241; baseline 0 -33"><span class='ocrx_word' id='word_1_134' title='bbox 418 2162 640 2209; x_wconf 88' lang='lat' dir='ltr'>mano</span> <span class='ocrx_word' id='word_1_135' title='bbox 707 2149 1129 2239; x_wconf 81' lang='lat' dir='ltr'>imperatore</span> <span class='ocrx_word' id='word_1_136' title='bbox 1199 2149 1580 2215; x_wconf 82' lang='lat' dir='ltr'>victoriam</span> <span class='ocrx_word' id='word_1_137' title='bbox 1645 2161 1711 2214; x_wconf 90' lang='lat' dir='ltr'>et</span> <span class='ocrx_word' id='word_1_138' title='bbox 1776 2143 2219 2241; x_wconf 76' lang='lat' dir='ltr'>triumphum</span> <span class='ocrx_word' id='word_1_139' title='bbox 2273 2149 2540 2239; x_wconf 84' lang='lat' dir='ltr'>petere.</span> 
     </span>
     <span class='ocr_line' id='line_1_19' title="bbox 425 2253 2544 2349; baseline 0 -29"><span class='ocrx_word' id='word_1_140' title='bbox 425 2253 794 2342; x_wconf 82' lang='lat' dir='ltr'>Quantum</span> <span class='ocrx_word' id='word_1_141' title='bbox 840 2259 1193 2326; x_wconf 76' lang='lat' dir='ltr'>interesset</span> <span class='ocrx_word' id='word_1_142' title='bbox 1235 2261 1418 2326; x_wconf 83' lang='lat' dir='ltr'>inter</span> <span class='ocrx_word' id='word_1_143' title='bbox 1462 2255 2031 2326; x_wconf 85' lang='lat' dir='ltr'>moderatione-m</span> <span class='ocrx_word' id='word_1_144' title='bbox 2082 2260 2544 2349; x_wconf 88' lang='lat' dir='ltr'>antiquorum</span> 
     </span>
     <span class='ocr_line' id='line_1_20' title="bbox 420 2364 2545 2463; baseline 0.001 -35"><span class='ocrx_word' id='word_1_145' title='bbox 420 2377 494 2428; x_wconf 86' lang='lat' dir='ltr'>et</span> <span class='ocrx_word' id='word_1_146' title='bbox 557 2387 814 2432; x_wconf 77' lang='lat' dir='ltr'>novam</span> <span class='ocrx_word' id='word_1_147' title='bbox 881 2366 1297 2463; x_wconf 80' lang='lat' dir='ltr'>superbiam</span> <span class='ocrx_word' id='word_1_148' title='bbox 1364 2364 2017 2462; x_wconf 74' lang='lat' dir='ltr'>crudelitatemque.</span> <span class='ocrx_word' id='word_1_149' title='bbox 2104 2370 2545 2435; x_wconf 89' lang='lat' dir='ltr'>Dictatorem</span> 
     </span>
     <span class='ocr_line' id='line_1_21' title="bbox 423 2471 2540 2559; baseline 0.002 -22"><span class='ocrx_word' id='word_1_150' title='bbox 423 2472 800 2559; x_wconf 80' lang='lat' dir='ltr'>Quintium</span> <span class='ocrx_word' id='word_1_151' title='bbox 841 2478 1339 2547; x_wconf 84' lang='lat' dir='ltr'>Cincinnatum</span> <span class='ocrx_word' id='word_1_152' title='bbox 1360 2486 1392 2536; x_wconf 86' lang='lat'>9</span> <span class='ocrx_word' id='word_1_153' title='bbox 1436 2482 1511 2546; x_wconf 89' lang='lat' dir='ltr'>in</span> <span class='ocrx_word' id='word_1_154' title='bbox 1550 2482 1630 2547; x_wconf 92' lang='lat' dir='ltr'>L.</span> <span class='ocrx_word' id='word_1_155' title='bbox 1682 2480 2087 2548; x_wconf 82' lang='lat' dir='ltr'>Minucium</span> <span class='ocrx_word' id='word_1_156' title='bbox 2132 2471 2499 2545; x_wconf 80' lang='lat' dir='ltr'>consulem</span> <span class='ocrx_word' id='word_1_157' title='bbox 2520 2525 2540 2558; x_wconf 87' lang='lat'><strong><em>,</em></strong></span> 
     </span>
     <span class='ocr_line' id='line_1_22' title="bbox 421 2580 2552 2682; baseline 0.002 -34"><span class='ocrx_word' id='word_1_158' title='bbox 421 2603 519 2649; x_wconf 74' lang='lat' dir='ltr'>ea:</span> <span class='ocrx_word' id='word_1_159' title='bbox 556 2580 928 2657; x_wconf 73' lang='lat' dir='ltr'>obsidione</span> <span class='ocrx_word' id='word_1_160' title='bbox 963 2610 1011 2650; x_wconf 91' lang='lat' dir='ltr'>a</span> <span class='ocrx_word' id='word_1_161' title='bbox 1044 2609 1121 2653; x_wconf 89' lang='lat' dir='ltr'>se</span> <span class='ocrx_word' id='word_1_162' title='bbox 1154 2601 1507 2679; x_wconf 84' lang='lat' dir='ltr'>ereptum,</span> <span class='ocrx_word' id='word_1_163' title='bbox 1546 2610 1695 2655; x_wconf 90' lang='lat' dir='ltr'>non</span> <span class='ocrx_word' id='word_1_164' title='bbox 1739 2584 1933 2656; x_wconf 84' lang='lat' dir='ltr'>ultra</span> <span class='ocrx_word' id='word_1_165' title='bbox 1967 2591 2281 2670; x_wconf 53' lang='grc' dir='ltr'>περῶ-36.</span> <span class='ocrx_word' id='word_1_166' title='bbox 2324 2609 2552 2682; x_wconf 91' lang='lat' dir='ltr'>quam</span> 
     </span>
    </p>
   </div>
   <div class='ocr_carea' id='block_1_4' title="bbox 422 2684 2550 2896">
    <p class='ocr_par' dir='ltr' id='par_1_4' title="bbox 422 2684 2550 2896">
     <span class='ocr_line' id='line_1_23' title="bbox 422 2684 2547 2789; baseline 0.002 -30"><span class='ocrx_word' id='word_1_167' title='bbox 422 2684 513 2759; x_wconf 70' lang='lat' dir='ltr'>ut&#39;</span> <span class='ocrx_word' id='word_1_168' title='bbox 525 2688 838 2787; x_wconf 75' lang='lat' dir='ltr'>legatum</span> <span class='ocrx_word' id='word_1_169' title='bbox 870 2716 1037 2762; x_wconf 87' lang='lat' dir='ltr'>eum</span> <span class='ocrx_word' id='word_1_170' title='bbox 1066 2691 1173 2761; x_wconf 87' lang='lat' dir='ltr'>ad</span> <span class='ocrx_word' id='word_1_171' title='bbox 1194 2699 1581 2762; x_wconf 70' lang='lat' dir='ltr'>exercitum</span> <span class='ocrx_word' id='word_1_172' title='bbox 1600 2719 1749 2789; x_wconf 86' lang='lat' dir='ltr'>pro</span> <span class='ocrx_word' id='word_1_173' title='bbox 1785 2694 2076 2763; x_wconf 89' lang='lat' dir='ltr'>consule</span> <span class='ocrx_word' id='word_1_174' title='bbox 2101 2697 2547 2789; x_wconf 87' lang='lat' dir='ltr'>relinqueret.</span> 
     </span>
     <span class='ocr_line' id='line_1_24' title="bbox 423 2799 2550 2896; baseline 0 -26"><span class='ocrx_word' id='word_1_175' title='bbox 423 2803 529 2870; x_wconf 88' lang='lat' dir='ltr'>M.</span> <span class='ocrx_word' id='word_1_176' title='bbox 559 2804 856 2871; x_wconf 70' lang='lat' dir='ltr'>Furium</span> <span class='ocrx_word' id='word_1_177' title='bbox 886 2799 1271 2871; x_wconf 90' lang='lat' dir='ltr'>Camillum</span> <span class='ocrx_word' id='word_1_178' title='bbox 1298 2806 1371 2871; x_wconf 90' lang='lat' dir='ltr'>in</span> <span class='ocrx_word' id='word_1_179' title='bbox 1400 2805 1480 2870; x_wconf 90' lang='lat' dir='ltr'>L.</span> <span class='ocrx_word' id='word_1_180' title='bbox 1506 2806 1765 2885; x_wconf 83' lang='lat' dir='ltr'>Furio,</span> <span class='ocrx_word' id='word_1_181' title='bbox 1792 2806 1949 2896; x_wconf 86' lang='lat' dir='ltr'>qui,</span> <span class='ocrx_word' id='word_1_182' title='bbox 1983 2816 2393 2896; x_wconf 83' lang='lat' dir='ltr'>contempta</span> <span class='ocrx_word' id='word_1_183' title='bbox 2415 2827 2550 2873; x_wconf 88' lang='lat' dir='ltr'>sua</span> 
     </span>
    </p>
   </div>
   <div class='ocr_carea' id='block_1_5' title="bbox 415 2911 2550 3120">
    <p class='ocr_par' dir='ltr' id='par_1_5' title="bbox 415 2911 2550 3120">
     <span class='ocr_line' id='line_1_25' title="bbox 422 2911 2550 3008; baseline 0.001 -29"><span class='ocrx_word' id='word_1_184' title='bbox 422 2927 782 2982; x_wconf 84' lang='lat' dir='ltr'>senectute</span> <span class='ocrx_word' id='word_1_185' title='bbox 831 2929 900 2983; x_wconf 88' lang='lat' dir='ltr'>et</span> <span class='ocrx_word' id='word_1_186' title='bbox 944 2917 1405 2996; x_wconf 86' lang='lat' dir='ltr'>auctoritate,</span> <span class='ocrx_word' id='word_1_187' title='bbox 1433 2911 1845 3002; x_wconf 86' lang='lat' dir='ltr'>foedissimo</span> <span class='ocrx_word' id='word_1_188' title='bbox 1903 2935 2067 2980; x_wconf 89' lang='lat' dir='ltr'>cum</span> <span class='ocrx_word' id='word_1_189' title='bbox 2118 2925 2364 2980; x_wconf 79' lang='lat' dir='ltr'>eventu</span> <span class='ocrx_word' id='word_1_190' title='bbox 2395 2936 2550 3008; x_wconf 82' lang='lat' dir='ltr'>pu-</span> 
     </span>
     <span class='ocr_line' id='line_1_26' title="bbox 415 3020 2548 3120; baseline 0.002 -33"><span class='ocrx_word' id='word_1_191' title='bbox 415 3037 740 3115; x_wconf 82' lang='lat' dir='ltr'>gnasset,</span> <span class='ocrx_word' id='word_1_192' title='bbox 776 3044 923 3092; x_wconf 90' lang='lat' dir='ltr'>non</span> <span class='ocrx_word' id='word_1_193' title='bbox 945 3022 1177 3093; x_wconf 87' lang='lat' dir='ltr'>solum</span> <span class='ocrx_word' id='word_1_194' title='bbox 1211 3028 1285 3092; x_wconf 92' lang='lat' dir='ltr'>in</span> <span class='ocrx_word' id='word_1_195' title='bbox 1306 3028 1698 3120; x_wconf 84' lang='lat' dir='ltr'>praesentia</span> <span class='ocrx_word' id='word_1_196' title='bbox 1725 3020 2180 3091; x_wconf 87' lang='lat' dir='ltr'>moderatum</span> <span class='ocrx_word' id='word_1_197' title='bbox 2208 3026 2336 3090; x_wconf 83' lang='lat' dir='ltr'>irce</span> <span class='ocrx_word' id='word_1_198' title='bbox 2364 3045 2548 3108; x_wconf 87' lang='lat' dir='ltr'>esse,</span> 
     </span>
    </p>
   </div>
   <div class='ocr_carea' id='block_1_6' title="bbox 0 3941 4 4550">
    <p class='ocr_par' dir='ltr' id='par_1_6' title="bbox 0 3941 4 4550">
     <span class='ocr_line' id='line_1_27' title="bbox 0 3941 4 4550; baseline 0 0"><span class='ocrx_word' id='word_1_199' title='bbox 0 3941 4 4550; x_wconf 95' lang='lat' dir='ltr'> </span> 
     </span>
    </p>
   </div>
   <div class='ocr_carea' id='block_1_7' title="bbox 387 3191 1453 4207">
    <p class='ocr_par' dir='ltr' id='par_1_7' title="bbox 387 3191 1447 3575">
     <span class='ocr_line' id='line_1_28' title="bbox 424 3191 1444 3263; baseline 0.004 -26"><span class='ocrx_word' id='word_1_200' title='bbox 424 3192 573 3251; x_wconf 84' lang='lat' dir='ltr'>tanti,</span> <span class='ocrx_word' id='word_1_201' title='bbox 616 3191 925 3263; x_wconf 79' lang='lat' dir='ltr'>deprecanti,</span> <span class='ocrx_word' id='word_1_202' title='bbox 965 3206 1019 3241; x_wconf 90' lang='lat' dir='ltr'>ut</span> <span class='ocrx_word' id='word_1_203' title='bbox 1033 3193 1213 3259; x_wconf 65' lang='lat' dir='ltr'>filgere</span> <span class='ocrx_word' id='word_1_204' title='bbox 1224 3194 1444 3260; x_wconf 87' lang='lat' dir='ltr'>judicem</span> 
     </span>
     <span class='ocr_line' id='line_1_29' title="bbox 423 3271 1444 3340; baseline 0.008 -25"><span class='ocrx_word' id='word_1_205' title='bbox 423 3271 525 3328; x_wconf 80' lang='lat' dir='ltr'>lx,</span> <span class='ocrx_word' id='word_1_206' title='bbox 551 3287 572 3317; x_wconf 88' lang='lat'>1</span> <span class='ocrx_word' id='word_1_207' title='bbox 593 3305 607 3329; x_wconf 94' lang='lat'>,</span> <span class='ocrx_word' id='word_1_208' title='bbox 631 3288 681 3320; x_wconf 89' lang='grc' dir='ltr'>ιι.</span> <span class='ocrx_word' id='word_1_209' title='bbox 703 3273 763 3327; x_wconf 84' lang='lat'>6,</span> <span class='ocrx_word' id='word_1_210' title='bbox 790 3272 1032 3338; x_wconf 66' lang='lat' dir='ltr'>etfitgisse</span> <span class='ocrx_word' id='word_1_211' title='bbox 1059 3291 1166 3320; x_wconf 88' lang='lat' dir='ltr'>eum</span> <span class='ocrx_word' id='word_1_212' title='bbox 1185 3272 1444 3340; x_wconf 85' lang='lat' dir='ltr'>(Fabium)</span> 
     </span>
     <span class='ocr_line' id='line_1_30' title="bbox 424 3349 1446 3417; baseline 0.007 -22"><span class='ocrx_word' id='word_1_213' title='bbox 424 3350 523 3413; x_wconf 80' lang='lat' dir='ltr'>Ap.</span> <span class='ocrx_word' id='word_1_214' title='bbox 542 3349 797 3398; x_wconf 86' lang='lat' dir='ltr'>Claudium</span> <span class='ocrx_word' id='word_1_215' title='bbox 817 3352 1075 3417; x_wconf 79' lang='lat' dir='ltr'>collegam,</span> <span class='ocrx_word' id='word_1_216' title='bbox 1099 3353 1196 3401; x_wconf 88' lang='lat' dir='ltr'>hoc</span> <span class='ocrx_word' id='word_1_217' title='bbox 1214 3366 1288 3401; x_wconf 80' lang='lat' dir='ltr'>est</span> <span class='ocrx_word' id='word_1_218' title='bbox 1302 3388 1316 3412; x_wconf 90' lang='lat'><strong><em>‚</em></strong></span> <span class='ocrx_word' id='word_1_219' title='bbox 1337 3370 1446 3402; x_wconf 90' lang='lat' dir='ltr'>eum</span> 
     </span>
     <span class='ocr_line' id='line_1_31' title="bbox 387 3428 1446 3493; baseline 0.006 -18"><span class='ocrx_word' id='word_1_220' title='bbox 387 3488 396 3492; x_wconf 34' lang='lat'><em>—</em></span> <span class='ocrx_word' id='word_1_221' title='bbox 426 3428 661 3493; x_wconf 75' lang='lat' dir='ltr'>collegam</span> <span class='ocrx_word' id='word_1_222' title='bbox 694 3430 872 3478; x_wconf 87' lang='lat' dir='ltr'>habere</span> <span class='ocrx_word' id='word_1_223' title='bbox 900 3431 1115 3480; x_wconf 77' lang='lat' dir='ltr'>noluisse</span> <span class='ocrx_word' id='word_1_224' title='bbox 1134 3468 1148 3492; x_wconf 90' lang='lat'>,</span> <span class='ocrx_word' id='word_1_225' title='bbox 1176 3435 1255 3493; x_wconf 79' lang='lat' dir='ltr'>X,</span> <span class='ocrx_word' id='word_1_226' title='bbox 1282 3435 1368 3493; x_wconf 83' lang='lat'>15,</span> <span class='ocrx_word' id='word_1_227' title='bbox 1394 3450 1446 3482; x_wconf 92' lang='grc' dir='ltr'>ιι.</span> 
     </span>
     <span class='ocr_line' id='line_1_32' title="bbox 433 3508 1447 3575; baseline 0.006 -21"><span class='ocrx_word' id='word_1_228' title='bbox 433 3524 593 3555; x_wconf 77' lang='lat'>12.-—-</span> <span class='ocrx_word' id='word_1_229' title='bbox 605 3508 960 3575; x_wconf 84' lang='lat' dir='ltr'>Iudicemfero,</span> <span class='ocrx_word' id='word_1_230' title='bbox 974 3527 1022 3559; x_wconf 85' lang='lat' dir='ltr'>v.</span> <span class='ocrx_word' id='word_1_231' title='bbox 1038 3511 1100 3558; x_wconf 88' lang='lat' dir='ltr'>ad</span> <span class='ocrx_word' id='word_1_232' title='bbox 1113 3514 1188 3559; x_wconf 89' lang='lat'>111</span> <span class='ocrx_word' id='word_1_233' title='bbox 1199 3546 1213 3570; x_wconf 94' lang='lat'>,</span> <span class='ocrx_word' id='word_1_234' title='bbox 1230 3520 1295 3568; x_wconf 74' lang='lat'>24</span> <span class='ocrx_word' id='word_1_235' title='bbox 1307 3547 1321 3570; x_wconf 91' lang='lat'>‚</span> <span class='ocrx_word' id='word_1_236' title='bbox 1335 3529 1385 3559; x_wconf 88' lang='lat' dir='ltr'>n.</span> <span class='ocrx_word' id='word_1_237' title='bbox 1397 3514 1447 3561; x_wconf 88' lang='lat'>6.</span> 
     </span>
    </p>

    <p class='ocr_par' dir='ltr' id='par_1_8' title="bbox 426 3588 1453 4207">
     <span class='ocr_line' id='line_1_33' title="bbox 497 3588 1448 3648; baseline 0.006 -15"><span class='ocrx_word' id='word_1_238' title='bbox 497 3589 546 3634; x_wconf 87' lang='lat'>6.</span> <span class='ocrx_word' id='word_1_239' title='bbox 604 3588 766 3636; x_wconf 83' lang='lat' dir='ltr'>Tullus</span> <span class='ocrx_word' id='word_1_240' title='bbox 828 3589 1063 3637; x_wconf 80' lang='lat' dir='ltr'>Hostilius</span> <span class='ocrx_word' id='word_1_241' title='bbox 1115 3590 1255 3637; x_wconf 81' lang='lat' dir='ltr'>cessit</span> <span class='ocrx_word' id='word_1_242' title='bbox 1271 3609 1291 3648; x_wconf 90' lang='lat'>‚·</span> <span class='ocrx_word' id='word_1_243' title='bbox 1348 3592 1448 3639; x_wconf 89' lang='lat' dir='ltr'>imo</span> 
     </span>
     <span class='ocr_line' id='line_1_34' title="bbox 426 3664 1449 3733; baseline 0.005 -20"><span class='ocrx_word' id='word_1_244' title='bbox 426 3664 673 3714; x_wconf 82' lang='lat' dir='ltr'>duumviri</span> <span class='ocrx_word' id='word_1_245' title='bbox 715 3667 1091 3732; x_wconf 73' lang='lat' dir='ltr'>perduell10nis,</span> <span class='ocrx_word' id='word_1_246' title='bbox 1140 3670 1318 3733; x_wconf 87' lang='lat' dir='ltr'>quibus</span> <span class='ocrx_word' id='word_1_247' title='bbox 1362 3687 1449 3719; x_wconf 82' lang='lat' dir='ltr'>rex</span> 
     </span>
     <span class='ocr_line' id='line_1_35' title="bbox 426 3746 1449 3810; baseline 0.006 -19"><span class='ocrx_word' id='word_1_248' title='bbox 426 3753 580 3792; x_wconf 89' lang='lat' dir='ltr'>totam</span> <span class='ocrx_word' id='word_1_249' title='bbox 593 3746 876 3810; x_wconf 80' lang='lat' dir='ltr'>permiserat</span> <span class='ocrx_word' id='word_1_250' title='bbox 892 3748 1086 3795; x_wconf 81' lang='lat' dir='ltr'>Horatii</span> <span class='ocrx_word' id='word_1_251' title='bbox 1103 3765 1320 3808; x_wconf 80' lang='lat' dir='ltr'>causam3</span> <span class='ocrx_word' id='word_1_252' title='bbox 1338 3750 1449 3797; x_wconf 84' lang='lat' dir='ltr'>vide</span> 
     </span>
     <span class='ocr_line' id='line_1_36' title="bbox 426 3825 1448 3892; baseline 0.005 -21"><span class='ocrx_word' id='word_1_253' title='bbox 426 3825 477 3882; x_wconf 92' lang='lat'>1,</span> <span class='ocrx_word' id='word_1_254' title='bbox 499 3826 583 3873; x_wconf 80' lang='lat'>26.</span> <span class='ocrx_word' id='word_1_255' title='bbox 605 3825 700 3891; x_wconf 77' lang='lat' dir='ltr'>Sed</span> <span class='ocrx_word' id='word_1_256' title='bbox 716 3826 890 3873; x_wconf 83' lang='lat' dir='ltr'>Fabius</span> <span class='ocrx_word' id='word_1_257' title='bbox 910 3843 1011 3874; x_wconf 90' lang='lat' dir='ltr'>rem</span> <span class='ocrx_word' id='word_1_258' title='bbox 1032 3839 1175 3892; x_wconf 83' lang='lat' dir='ltr'>auget</span> <span class='ocrx_word' id='word_1_259' title='bbox 1189 3828 1448 3876; x_wconf 81' lang='lat' dir='ltr'>invidiose.</span> 
     </span>
     <span class='ocr_line' id='line_1_37' title="bbox 427 3904 1453 3972; baseline 0.004 -23"><span class='ocrx_word' id='word_1_260' title='bbox 427 3928 498 3939; x_wconf 89' lang='lat'>·——</span> <span class='ocrx_word' id='word_1_261' title='bbox 527 3904 632 3965; x_wconf 84' lang='lat' dir='ltr'>Quo</span> <span class='ocrx_word' id='word_1_262' title='bbox 655 3921 803 3968; x_wconf 88' lang='lat' dir='ltr'>quum</span> <span class='ocrx_word' id='word_1_263' title='bbox 826 3905 1112 3953; x_wconf 81' lang='lat' dir='ltr'>escendisset</span> <span class='ocrx_word' id='word_1_264' title='bbox 1136 3905 1453 3972; x_wconf 87' lang='lat' dir='ltr'>(concionem</span> 
     </span>
     <span class='ocr_line' id='line_1_38' title="bbox 429 3979 1453 4050; baseline 0.004 -22"><span class='ocrx_word' id='word_1_265' title='bbox 429 3979 494 4028; x_wconf 80' lang='lat' dir='ltr'>ad</span> <span class='ocrx_word' id='word_1_266' title='bbox 535 3982 773 4045; x_wconf 89' lang='lat' dir='ltr'>populum</span> <span class='ocrx_word' id='word_1_267' title='bbox 816 3983 1124 4050; x_wconf 87' lang='lat' dir='ltr'>habiturus),</span> <span class='ocrx_word' id='word_1_268' title='bbox 1169 3986 1354 4033; x_wconf 81' lang='lat' dir='ltr'>scilicet</span> <span class='ocrx_word' id='word_1_269' title='bbox 1398 3986 1453 4032; x_wconf 89' lang='lat' dir='ltr'>in</span> 
     </span>
     <span class='ocr_line' id='line_1_39' title="bbox 433 4059 1450 4126; baseline 0.006 -22"><span class='ocrx_word' id='word_1_270' title='bbox 433 4059 708 4107; x_wconf 80' lang='lat' dir='ltr'>concionem</span> <span class='ocrx_word' id='word_1_271' title='bbox 723 4080 744 4118; x_wconf 86' lang='grc'>,·</span> <span class='ocrx_word' id='word_1_272' title='bbox 785 4079 953 4126; x_wconf 85' lang='lat' dir='ltr'>propr.</span> <span class='ocrx_word' id='word_1_273' title='bbox 991 4064 1044 4110; x_wconf 86' lang='lat' dir='ltr'>in</span> <span class='ocrx_word' id='word_1_274' title='bbox 1085 4075 1241 4112; x_wconf 85' lang='lat' dir='ltr'>rostra</span> <span class='ocrx_word' id='word_1_275' title='bbox 1269 4079 1283 4111; x_wconf 89' lang='lat'><strong>:</strong></span> <span class='ocrx_word' id='word_1_276' title='bbox 1319 4063 1450 4110; x_wconf 89' lang='lat' dir='ltr'>unde</span> 
     </span>
     <span class='ocr_line' id='line_1_40' title="bbox 432 4138 1451 4207; baseline 0.007 -23"><span class='ocrx_word' id='word_1_277' title='bbox 432 4152 551 4185; x_wconf 78' lang='lat' dir='ltr'>mox</span> <span class='ocrx_word' id='word_1_278' title='bbox 567 4138 743 4187; x_wconf 83' lang='lat' dir='ltr'>deduci</span> <span class='ocrx_word' id='word_1_279' title='bbox 758 4157 866 4189; x_wconf 87' lang='lat' dir='ltr'>eum</span> <span class='ocrx_word' id='word_1_280' title='bbox 884 4141 945 4188; x_wconf 85' lang='lat' dir='ltr'>de</span> <span class='ocrx_word' id='word_1_281' title='bbox 957 4143 1122 4190; x_wconf 87' lang='lat' dir='ltr'>rostris</span> <span class='ocrx_word' id='word_1_282' title='bbox 1130 4142 1281 4207; x_wconf 86' lang='lat' dir='ltr'>jussit</span> <span class='ocrx_word' id='word_1_283' title='bbox 1290 4160 1310 4200; x_wconf 89' lang='lat'><em>;</em></span> <span class='ocrx_word' id='word_1_284' title='bbox 1337 4142 1451 4191; x_wconf 83' lang='lat' dir='ltr'>vide</span> 
     </span>
    </p>
   </div>
   <div class='ocr_carea' id='block_1_8' title="bbox 1526 3193 2569 4205">
    <p class='ocr_par' dir='ltr' id='par_1_9' title="bbox 1533 3193 2553 3258">
     <span class='ocr_line' id='line_1_41' title="bbox 1533 3193 2553 3258; baseline -0.003 -16"><span class='ocrx_word' id='word_1_285' title='bbox 1533 3193 1597 3242; x_wconf 89' lang='lat' dir='ltr'>ad</span> <span class='ocrx_word' id='word_1_286' title='bbox 1618 3194 1798 3242; x_wconf 88' lang='lat' dir='ltr'>librum</span> <span class='ocrx_word' id='word_1_287' title='bbox 1821 3196 1896 3253; x_wconf 90' lang='lat'>11,</span> <span class='ocrx_word' id='word_1_288' title='bbox 1924 3209 2030 3258; x_wconf 85' lang='lat' dir='ltr'>cap.</span> <span class='ocrx_word' id='word_1_289' title='bbox 2054 3210 2103 3253; x_wconf 86' lang='lat'>7,</span> <span class='ocrx_word' id='word_1_290' title='bbox 2128 3193 2295 3258; x_wconf 84' lang='lat' dir='ltr'>ibique</span> <span class='ocrx_word' id='word_1_291' title='bbox 2314 3205 2482 3242; x_wconf 85' lang='lat' dir='ltr'>notam</span> <span class='ocrx_word' id='word_1_292' title='bbox 2507 3209 2553 3254; x_wconf 81' lang='lat'>7.</span> 
     </span>
    </p>

    <p class='ocr_par' dir='ltr' id='par_1_10' title="bbox 1526 3272 2562 3575">
     <span class='ocr_line' id='line_1_42' title="bbox 1607 3272 2555 3337; baseline -0.002 -17"><span class='ocrx_word' id='word_1_293' title='bbox 1607 3289 1654 3332; x_wconf 82' lang='lat'>7.</span> <span class='ocrx_word' id='word_1_294' title='bbox 1696 3273 1833 3320; x_wconf 83' lang='lat' dir='ltr'>Unde</span> <span class='ocrx_word' id='word_1_295' title='bbox 1868 3284 1917 3319; x_wconf 81' lang='lat' dir='ltr'>et</span> <span class='ocrx_word' id='word_1_296' title='bbox 1936 3272 2125 3337; x_wconf 78' lang='lat' dir='ltr'>privati</span> <span class='ocrx_word' id='word_1_297' title='bbox 2156 3289 2328 3321; x_wconf 78' lang='lat' dir='ltr'>vocem</span> <span class='ocrx_word' id='word_1_298' title='bbox 2370 3273 2555 3320; x_wconf 83' lang='lat' dir='ltr'>mittere</span> 
     </span>
     <span class='ocr_line' id='line_1_43' title="bbox 1526 3337 2557 3417; baseline 0 -19"><span class='ocrx_word' id='word_1_299' title='bbox 1526 3368 1776 3417; x_wconf 84' lang='lat' dir='ltr'>possemus</span> <span class='ocrx_word' id='word_1_300' title='bbox 1800 3371 1818 3400; x_wconf 92' lang='grc'>.·</span> <span class='ocrx_word' id='word_1_301' title='bbox 1843 3368 1957 3399; x_wconf 90' lang='lat' dir='ltr'>nam</span> <span class='ocrx_word' id='word_1_302' title='bbox 1983 3368 2076 3416; x_wconf 83' lang='lat' dir='ltr'>pro</span> <span class='ocrx_word' id='word_1_303' title='bbox 2098 3337 2272 3399; x_wconf 83' lang='lat' dir='ltr'>rostris</span> <span class='ocrx_word' id='word_1_304' title='bbox 2298 3351 2361 3399; x_wconf 89' lang='lat' dir='ltr'>ad</span> <span class='ocrx_word' id='word_1_305' title='bbox 2396 3367 2557 3416; x_wconf 83' lang='lat' dir='ltr'>popu·</span> 
     </span>
     <span class='ocr_line' id='line_1_44' title="bbox 1537 3430 2559 3495; baseline 0 -17"><span class='ocrx_word' id='word_1_306' title='bbox 1537 3432 1639 3478; x_wconf 88' lang='lat' dir='ltr'>lum</span> <span class='ocrx_word' id='word_1_307' title='bbox 1671 3432 1808 3494; x_wconf 81' lang='lat' dir='ltr'>loqui</span> <span class='ocrx_word' id='word_1_308' title='bbox 1830 3447 1934 3479; x_wconf 88' lang='lat' dir='ltr'>non</span> <span class='ocrx_word' id='word_1_309' title='bbox 1963 3430 2061 3478; x_wconf 84' lang='lat' dir='ltr'>nisi</span> <span class='ocrx_word' id='word_1_310' title='bbox 2087 3431 2393 3495; x_wconf 78' lang='lat' dir='ltr'>magistratus</span> <span class='ocrx_word' id='word_1_311' title='bbox 2419 3441 2559 3495; x_wconf 85' lang='lat' dir='ltr'>pote·</span> 
     </span>
     <span class='ocr_line' id='line_1_45' title="bbox 1539 3509 2562 3575; baseline -0.001 -19"><span class='ocrx_word' id='word_1_312' title='bbox 1539 3522 1667 3570; x_wconf 85' lang='lat' dir='ltr'>rant,</span> <span class='ocrx_word' id='word_1_313' title='bbox 1675 3522 1724 3559; x_wconf 84' lang='lat' dir='ltr'>et</span> <span class='ocrx_word' id='word_1_314' title='bbox 1734 3511 1817 3574; x_wconf 88' lang='lat' dir='ltr'>qui</span> <span class='ocrx_word' id='word_1_315' title='bbox 1827 3510 1888 3558; x_wconf 85' lang='lat' dir='ltr'>ab</span> <span class='ocrx_word' id='word_1_316' title='bbox 1903 3510 1965 3557; x_wconf 85' lang='lat' dir='ltr'>iis</span> <span class='ocrx_word' id='word_1_317' title='bbox 1977 3510 2210 3575; x_wconf 86' lang='lat' dir='ltr'>producti</span> <span class='ocrx_word' id='word_1_318' title='bbox 2223 3520 2359 3557; x_wconf 86' lang='lat' dir='ltr'>erant</span> <span class='ocrx_word' id='word_1_319' title='bbox 2370 3526 2384 3569; x_wconf 91' lang='lat'>;</span> <span class='ocrx_word' id='word_1_320' title='bbox 2394 3509 2562 3571; x_wconf 83' lang='lat' dir='ltr'>Sigon.</span> 
     </span>
    </p>

    <p class='ocr_par' dir='ltr' id='par_1_11' title="bbox 1540 3588 2569 4123">
     <span class='ocr_line' id='line_1_46' title="bbox 1613 3588 2557 3653; baseline -0.005 -15"><span class='ocrx_word' id='word_1_321' title='bbox 1613 3593 1661 3641; x_wconf 84' lang='lat'>8.</span> <span class='ocrx_word' id='word_1_322' title='bbox 1704 3593 1820 3638; x_wconf 89' lang='lat' dir='ltr'>Non</span> <span class='ocrx_word' id='word_1_323' title='bbox 1867 3602 1969 3638; x_wconf 87' lang='lat' dir='ltr'>tam</span> <span class='ocrx_word' id='word_1_324' title='bbox 1994 3601 2245 3653; x_wconf 71' lang='lat' dir='ltr'>perpetuae</span> <span class='ocrx_word' id='word_1_325' title='bbox 2288 3588 2557 3644; x_wconf 73' lang='lat' dir='ltr'>orationes,</span> 
     </span>
     <span class='ocr_line' id='line_1_47' title="bbox 1540 3665 2567 3734; baseline -0.004 -18"><span class='ocrx_word' id='word_1_326' title='bbox 1540 3686 1689 3734; x_wconf 85' lang='lat' dir='ltr'>quam</span> <span class='ocrx_word' id='word_1_327' title='bbox 1721 3669 1975 3716; x_wconf 81' lang='lat' dir='ltr'>altercatio</span> <span class='ocrx_word' id='word_1_328' title='bbox 2007 3667 2410 3721; x_wconf 78' lang='lat' dir='ltr'>exaudiebantur,</span> <span class='ocrx_word' id='word_1_329' title='bbox 2453 3665 2567 3712; x_wconf 81' lang='lat' dir='ltr'>vide</span> 
     </span>
     <span class='ocr_line' id='line_1_48' title="bbox 1540 3744 2565 3808; baseline -0.007 -11"><span class='ocrx_word' id='word_1_330' title='bbox 1540 3749 1601 3796; x_wconf 84' lang='lat' dir='ltr'>ad</span> <span class='ocrx_word' id='word_1_331' title='bbox 1626 3750 1715 3808; x_wconf 82' lang='lat' dir='ltr'>IV,</span> <span class='ocrx_word' id='word_1_332' title='bbox 1735 3751 1766 3796; x_wconf 88' lang='lat'>6</span> <span class='ocrx_word' id='word_1_333' title='bbox 1783 3782 1797 3805; x_wconf 93' lang='lat'><strong>‚</strong></span> <span class='ocrx_word' id='word_1_334' title='bbox 1825 3765 1874 3794; x_wconf 86' lang='grc' dir='ltr'>ιι.</span> <span class='ocrx_word' id='word_1_335' title='bbox 1905 3762 1952 3806; x_wconf 86' lang='lat'>1,</span> <span class='ocrx_word' id='word_1_336' title='bbox 1977 3746 2337 3793; x_wconf 79' lang='lat' dir='ltr'>exaudiebatur</span> <span class='ocrx_word' id='word_1_337' title='bbox 2356 3744 2565 3792; x_wconf 88' lang='lat' dir='ltr'>malebat</span> 
     </span>
     <span class='ocr_line' id='line_1_49' title="bbox 1542 3822 2564 3893; baseline -0.005 -18"><span class='ocrx_word' id='word_1_338' title='bbox 1542 3829 1696 3875; x_wconf 85' lang='lat' dir='ltr'>Gron.</span> <span class='ocrx_word' id='word_1_339' title='bbox 1717 3826 1906 3893; x_wconf 86' lang='lat' dir='ltr'>(confer</span> <span class='ocrx_word' id='word_1_340' title='bbox 1925 3826 1987 3873; x_wconf 90' lang='lat' dir='ltr'>ad</span> <span class='ocrx_word' id='word_1_341' title='bbox 2003 3842 2109 3890; x_wconf 89' lang='lat' dir='ltr'>cap.</span> <span class='ocrx_word' id='word_1_342' title='bbox 2131 3842 2151 3871; x_wconf 88' lang='lat'>1</span> <span class='ocrx_word' id='word_1_343' title='bbox 2163 3825 2193 3871; x_wconf 82' lang='lat'><em>5</em></span> <span class='ocrx_word' id='word_1_344' title='bbox 2205 3859 2219 3884; x_wconf 93' lang='lat'><strong>,</strong></span> <span class='ocrx_word' id='word_1_345' title='bbox 2237 3841 2287 3871; x_wconf 83' lang='lat' dir='ltr'>n.</span> <span class='ocrx_word' id='word_1_346' title='bbox 2314 3822 2363 3889; x_wconf 87' lang='lat'>1)</span> <span class='ocrx_word' id='word_1_347' title='bbox 2380 3834 2428 3871; x_wconf 86' lang='lat' dir='ltr'>et</span> <span class='ocrx_word' id='word_1_348' title='bbox 2445 3840 2564 3871; x_wconf 85' lang='lat' dir='ltr'>mox</span> 
     </span>
     <span class='ocr_line' id='line_1_50' title="bbox 1546 3903 2569 3967; baseline -0.002 -15"><span class='ocrx_word' id='word_1_349' title='bbox 1546 3906 1791 3967; x_wconf 83' lang='lat' dir='ltr'>Quantum</span> <span class='ocrx_word' id='word_1_350' title='bbox 1806 3905 2030 3952; x_wconf 87' lang='lat' dir='ltr'>interesse</span> <span class='ocrx_word' id='word_1_351' title='bbox 2039 3922 2059 3962; x_wconf 87' lang='lat'>‚·</span> <span class='ocrx_word' id='word_1_352' title='bbox 2074 3903 2187 3951; x_wconf 89' lang='lat' dir='ltr'>vide</span> <span class='ocrx_word' id='word_1_353' title='bbox 2202 3905 2307 3965; x_wconf 78' lang='lat' dir='ltr'>ejus</span> <span class='ocrx_word' id='word_1_354' title='bbox 2315 3904 2458 3951; x_wconf 85' lang='lat' dir='ltr'>Obss.</span> <span class='ocrx_word' id='word_1_355' title='bbox 2469 3906 2544 3951; x_wconf 90' lang='grc' dir='ltr'>ῙΠ</span> <span class='ocrx_word' id='word_1_356' title='bbox 2554 3936 2569 3961; x_wconf 87' lang='grc'><strong>,</strong></span> 
     </span>
     <span class='ocr_line' id='line_1_51' title="bbox 1544 3980 2565 4047; baseline -0.004 -16"><span class='ocrx_word' id='word_1_357' title='bbox 1544 3999 1592 4045; x_wconf 83' lang='grc'>9.</span> <span class='ocrx_word' id='word_1_358' title='bbox 1612 4010 1682 4020; x_wconf 92' lang='lat'>—-</span> <span class='ocrx_word' id='word_1_359' title='bbox 1708 3986 1791 4031; x_wconf 77' lang='lat' dir='ltr'>Ex</span> <span class='ocrx_word' id='word_1_360' title='bbox 1809 4000 2010 4031; x_wconf 87' lang='lat' dir='ltr'>romano</span> <span class='ocrx_word' id='word_1_361' title='bbox 2041 3983 2360 4047; x_wconf 84' lang='lat' dir='ltr'>imperatore,·</span> <span class='ocrx_word' id='word_1_362' title='bbox 2377 3983 2491 4030; x_wconf 77' lang='lat' dir='ltr'>vide</span> <span class='ocrx_word' id='word_1_363' title='bbox 2505 3980 2565 4029; x_wconf 93' lang='lat' dir='ltr'>ad</span> 
     </span>
     <span class='ocr_line' id='line_1_52' title="bbox 1540 4063 1895 4123; baseline -0.006 -12"><span class='ocrx_word' id='word_1_364' title='bbox 1540 4063 1609 4123; x_wconf 80' lang='lat' dir='ltr'>V,</span> <span class='ocrx_word' id='word_1_365' title='bbox 1628 4064 1695 4120; x_wconf 75' lang='lat'>46</span> <span class='ocrx_word' id='word_1_366' title='bbox 1711 4097 1725 4121; x_wconf 94' lang='lat'>,</span> <span class='ocrx_word' id='word_1_367' title='bbox 1750 4080 1800 4110; x_wconf 89' lang='lat' dir='ltr'>n.</span> <span class='ocrx_word' id='word_1_368' title='bbox 1820 4079 1895 4110; x_wconf 87' lang='lat'>10.</span> 
     </span>
    </p>

    <p class='ocr_par' dir='ltr' id='par_1_12' title="bbox 1614 4140 2554 4205">
     <span class='ocr_line' id='line_1_53' title="bbox 1614 4140 2554 4205; baseline 0.001 -15"><span class='ocrx_word' id='word_1_369' title='bbox 1614 4157 1665 4203; x_wconf 86' lang='lat'>9.</span> <span class='ocrx_word' id='word_1_370' title='bbox 1694 4141 1996 4192; x_wconf 80' lang='lat' dir='ltr'>Dictatorem</span> <span class='ocrx_word' id='word_1_371' title='bbox 2029 4143 2276 4205; x_wconf 83' lang='lat' dir='ltr'>Quintium</span> <span class='ocrx_word' id='word_1_372' title='bbox 2310 4140 2520 4189; x_wconf 86' lang='lat' dir='ltr'>Cincinn.</span> <span class='ocrx_word' id='word_1_373' title='bbox 2541 4174 2554 4191; x_wconf 84' lang='lat'>‚</span> 
     </span>
    </p>
   </div>
  </div>
 </body>
</html>
