3000 4717
2186 300 2236 337 A.
2259 299 2307 339 G.
2335 303 2382 347 41
2394 305 2561 348 1—408.

490 328 587 422 98
1325 324 1403 390 Τ.
1470 325 1530 390 L
1545 324 1578 388 I
1593 323 1655 389 V
1671 323 1702 388 Ι
1719 323 1752 387 Ι
2186 360 2242 399 U.
2262 360 2308 400 e.
2339 363 2563 411 341-344.

493 446 829 518 tribunos
880 445 1188 514 militum
1245 469 1337 514 ex
1404 440 1616 539 plebe
1677 455 1950 511 crearet
1998 467 2013 509 ε
2072 440 2615 540 tendebantque

495 582 772 629 summa
814 580 989 652 ope,
1026 568 1109 623 ut
1150 551 1482 623 consules
1527 565 1965 622 crearentur.
2008 552 2250 640 Quum
2296 567 2616 623 senatus·

495 652 906 740 consultum
946 664 1105 736 fieri
1146 662 1420 734 tribuni
1458 659 1689 759 plebis
1724 686 1877 731 non
1917 675 2366 757 paterentur,
2400 662 2618 733 iidem

450 778 1025 850 --intercederent
1075 772 1574 846 consularibus
1625 773 1962 856 comitiiS‚
2012 797 2125 842 res
2174 772 2266 842 ad
2313 774 2615 845 interre-

489 913 723 986 gnum
758 885 1010 958 rediit:
1048 884 1348 954 victoria
1386 881 1648 952 deinde
1690 906 1912 979 penes
1952 887 2192 957 Patres
2235 881 2393 952 fuit.

591 1003 708 1068 LI.
758 1000 846 1088 Q.
890 995 1111 1066 Fabio
1141 992 1506 1064 Vibulano
1542 995 1898 1089 interrege
1944 994 2229 1064 comitia
2265 993 2618 1083 habente,

493 1107 830 1180 consules
882 1106 1100 1177 creati
1150 1118 1315 1175 sunt
1357 1108 1432 1175 A.
1472 1103 1850 1174 Cornelius
1897 1106 2197 1189 CossuS‚
2239 1109 2319 1174 L.
2367 1106 2621 1176 Furius

496 1219 960 1290 Medullinus,
1019 1217 1164 1287 His·
1198 1214 1617 1286 consulibus
1670 1215 2026 1311 principio
2077 1217 2247 1285 anni
2296 1231 2621 1286 senatus-

493 1328 913 1401 consultum
960 1325 1227 1397 factum
1273 1341 1420 1413 est,
1460 1341 1545 1396 ut
1581 1325 1671 1396 de
1718 1327 2114 1422 quaestione
2152 1327 2621 1397 Postumianae

498 1440 709 1512 caedis
745 1438 1022 1508 tribuni
1058 1438 1294 1534 primo
1333 1461 1631 1532 quoque
1667 1450 1995 1533 tempore
2032 1435 2121 1507 ad
2155 1434 2443 1532 plebem
2478 1435 2624 1507 fer-

497 1562 698 1634 rent3
729 1545 1124 1643 plebesque
1161 1543 1554 1641 praeficeret
1594 1546 2001 1642 quaestioni,
2033 1569 2250 1642 quem
2286 1546 2500 1616 vellet
2530 1573 2546 1615 :
2583 1570 2625 1617 a

500 1656 713 1753 plebe
734 1678 1093 1725 consensu
1109 1654 1358 1750 populi
1380 1656 1796 1728 consulibus
1817 1658 2186 1754 negotium
2206 1657 2622 1746 mandatur3

502 1769 668 1863 qui,
718 1788 1009 1836 summa·
1037 1763 1536 1837 moderatione
1589 1792 1671 1837 ac
1716 1766 2008 1838 lenitate
2061 1792 2192 1864 per
2231 1793 2628 1865 paucorum

498 1876 965 1974 supplicium,
996 1898 1180 1971 quos
1212 1873 1496 1945 sibimet
1528 1876 1721 1971 ipsos
1749 1877 2102 1947 conscisse
2130 1893 2440 1949 mortem
2463 1880 2628 1949 satis

501 1987 858 2059 creditum
906 1999 1011 2055 est
1035 2039 1053 2073 ,
1094 1999 1447 2055 transacta
1489 2010 1568 2055 re
1591 2040 1610 2074 ,
1651 1986 2040 2080 nequivere
2087 2000 2326 2057 tamen
2375 2013 2631 2060 conse-

505 2101 668 2196 qui,
708 2111 790 2168 ut
824 2121 972 2166 non
1017 2096 1378 2191 aegerrime
1418 2094 1491 2164 id
1529 2093 1736 2191 plebs
1768 2093 2008 2165 ferret.
2044 2101 2328 2165 Jacere¹
2361 2085 2631 2168 tamdia

505 2214 729 2279 irritas
777 2211 1217 2292 sanctiones,
1267 2229 1430 2301 quoe
1485 2205 1573 2272 de
1620 2210 1765 2274 suis
1815 2206 2193 2275 commodis
2215 2207 2587 2295 firrentar
2609 2236 2629 2277 .-

507 2344 726 2415 quum
777 2323 1046 2386 interim
1088 2316 1175 2385 a'e
1213 2319 1564 2409 sanguine
1601 2330 1671 2383 et
1701 2315 2056 2412 supplicio
2096 2341 2227 2387 suo
2277 2317 2487 2386 latam
2528 2319 2628 2386 le-

505 2454 664 2526 gem
701 2427 1069 2519 confestim
1109 2430 1451 2511 exerceri,
1492 2418 1567 2494 et
1592 2439 1854 2494 tantam
1888 2431 2040 2496 vim
2070 2426 2357 2496 habere.
2391 2426 2633 2522 Aptis-

510 2541 773 2609 simum
820 2552 1105 2634 tempus
1155 2549 1346 2623 erat,
1382 2534 1756 2605 vindicatis
1802 2535 2314 2623 seditionibus,
2359 2537 2630 2608 deleni-

507 2663 835 2718 mentum
859 2658 887 2689 2
921 2648 1176 2717 animis
1216 2646 1468 2718 Bolani
1513 2650 1660 2745 agri
1683 2633 2147 2721 divisionem
2173 2648 2387 2744 objici
2422 2677 2438 2718 ε
2482 2673 2631 2745 quo

508 2756 700 2829 facto
738 2759 1166 2828 minuissent
1211 2756 1645 2828 desiderium
1688 2762 1973 2857 agrariae
2012 2762 2222 2857 legiS‚
2258 2785 2417 2856 quae
2463 2783 2635 2856 pos-

512 2893 704 2940 sesso
731 2893 861 2965 per
887 2869 1226 2963 injuriam
1264 2894 1436 2967 agro
1469 2869 1764 2968 publico
1797 2878 2034 2942 Patres
2067 2868 2402 2967 pellebat.
2432 2875 2636 2942 Tunc

583 3061 704 3106 Car.
723 3062 804 3105 LI.
833 3075 875 3106 1.
899 3060 1310 3126 Iacere(sperni‚
1333 3064 1410 3110 vel
1431 3064 1534 3110 sine
1624 3076 1729 3123 tur;
1768 3064 1845 3110 vel
1879 3063 2114 3127 philtrum
2151 3059 2292 3126 (vide
2326 3062 2542 3112 Broukh.
2576 3065 2637 3112 ad

513 3139 564 3187 vi
582 3140 715 3203 esse)
736 3139 897 3186 irritas
922 3141 1218 3196 sanctiones,
1242 3142 1390 3203 leges.
1409 3144 1536 3189 Mox

517 3235 665 3280 quum
694 3217 882 3264 interim
898 3252 909 3263 .
925 3252 936 3263 .
951 3252 962 3264 .
986 3217 1227 3275 exerceri,
1257 3219 1370 3266 vide
1394 3220 1456 3267 ad
1478 3223 1504 3266 I
1519 3253 1534 3278 ,

520 3296 586 3343 35
604 3331 619 3356 ‚
642 3313 690 3342 n.
725 3312 766 3341 1.

590 3393 640 3422 2.
675 3373 1056 3421 Delenimentum
1091 3375 1223 3440 (non
1256 3376 1537 3424 delinimen-

518 3468 641 3512 tum,
672 3469 779 3518 quae
804 3469 904 3500 vox
935 3454 1076 3501 nihili
1105 3467 1201 3513 est,
1228 3467 1283 3503 ut
1310 3456 1534 3514 delinire,

521 3533 762 3598 quidquid
790 3544 960 3580 contra
986 3533 1202 3598 disputet
1226 3535 1374 3582 Drak.
1403 3536 1467 3582 ad
1487 3535 1538 3581 h.

519 3615 552 3662 l.
583 3615 711 3674 etV‚
749 3614 985 3673 313vl1,
1017 3615 1109 3673 383
1153 3616 1417 3672 XXXIX,
1451 3631 1538 3674 11,

519 3705 719 3769 putans,
744 3692 1110 3741 delenimentum
1125 3694 1303 3741 habere
1323 3694 1421 3740 vim
1439 3693 1540 3757 pla-

521 3771 665 3818 candi
683 3783 730 3819 et
742 3772 997 3836 mitigandi
1009 3808 1023 3832 ,
1049 3773 1405 3821 delinimentum
1419 3789 1538 3820 vero

513 3849 775 3898 obtinendi
798 3861 846 3896 et
875 3851 1153 3912 imbuendi,
1178 3869 1205 3900 a
1223 3852 1431 3899 delinere
1455 3864 1539 3900 aut

524 3925 693 3989 linire)
720 3928 825 3986 vel,
847 3939 903 3975 ut
918 3929 970 3976 h.
996 3931 1030 3977 l.
1045 3967 1058 3989 ,
1088 3943 1158 3979 est
1178 3933 1429 4002 θέλγητρον
1449 3951 1537 3983 seu

523 4005 738 4071 θέλγμα,
773 4021 849 4052 res
873 4017 920 4053 et
950 4009 1244 4069 remedium,
1266 4027 1365 4074 quo
1391 4012 1540 4059 animi

523 4083 793 4139 leniuntur,
841 4087 1203 4147 permulcentur
1235 4100 1283 4135 et
1315 4090 1539 4153 mitigan-

1620 3142 1801 3189 Tibull.
1829 3142 1878 3199 1,
1899 3142 1955 3198 6,
1978 3158 2026 3187 n.
2051 3156 2075 3200 7
2095 3140 2146 3206 ),
2183 3152 2266 3190 aut
2287 3142 2453 3207 potius
2475 3143 2637 3191 illece-

1622 3219 1723 3265 brae
1747 3230 1795 3268 et
1812 3218 2061 3266 blanditiae
2081 3253 2095 3277 ‚
2128 3236 2204 3266 res
2219 3255 2233 3278 ‚
2265 3238 2358 3285 qua
2382 3221 2638 3270 hominum

1624 3297 1772 3344 animi
1792 3297 1969 3345 blande
1988 3298 2219 3362 paulatim
2243 3300 2526 3365 capiuntur,
2562 3302 2638 3348 vel

1625 3376 1686 3423 ad
1719 3393 1932 3424 amorem
1969 3377 2273 3437 alliciuntur3
2309 3380 2423 3427 vide
2456 3380 2638 3427 Duker.

1626 3455 1689 3502 ad
1714 3459 1970 3515 XXXIX,
2004 3473 2024 3503 1
2040 3474 2081 3504 1.
2106 3459 2261 3506 Simili
2287 3476 2431 3507 sensu
2452 3461 2517 3516 V,
2544 3466 2639 3518 24,

1626 3551 1676 3582 n.
1703 3538 1730 3584 3
1754 3572 1767 3594 ,
1814 3536 1994 3585 dicitur
2028 3537 2130 3602 spei
2151 3538 2351 3603 majoris
2373 3536 2641 3584 avertendae

1626 3616 1853 3662 solatium
1871 3608 2107 3681 objectum
2133 3618 2411 3672 censebant,
2438 3627 2490 3662 et
2514 3614 2641 3661 dele-

1629 3694 1843 3742 nimenta
1879 3696 2047 3743 eadem
2081 3712 2157 3743 res
2184 3696 2362 3753 XXX,
2405 3696 2465 3740 13
2479 3728 2494 3753 ,
2533 3709 2640 3756 quae

1630 3774 1879 3821 blandittoe
1900 3776 2080 3822 XXIX
2094 3808 2109 3831 ,
2134 3775 2218 3820 23.
2248 3773 2431 3821 Confer
2446 3775 2560 3819 Ern.
2579 3771 2644 3818 ad

1627 3854 1742 3900 Tac.
1762 3855 1926 3917 Agric.
1950 3855 2096 3900 XXI.
2110 3854 2316 3901 —Mox
2340 3868 2432 3916 pro
2455 3850 2645 3898 minnis-

1626 3945 1757 3990 sent,
1785 3932 1950 3980 Lovel.
1978 3948 2005 3978 2
2033 3943 2080 3979 et
2111 3932 2319 3982 Haverk.
2348 3931 2466 3977 dant
2490 3928 2645 3976 immi-

1627 4012 1871 4058 naissent:
1884 4012 2052 4061 Lovel.
2073 4019 2105 4066 4
2123 4022 2280 4060 autem
2300 4008 2619 4058 meminissent
2625 4027 2644 4064 ς

1629 4091 1767 4138 male.
1791 4091 1877 4137 En.
