3000 4717
411 380 788 487 3:2213231322:
906 401 1224 470 LIBER
1273 402 1355 470 V.
1409 401 1625 469 CAP.
1679 396 1907 464 xm.
2332 388 2508 484 ¹492

355 523 666 620 benigne
696 545 776 591 ac
796 519 1097 591 comiter
1115 544 1481 590 sermones
1499 516 1813 600 habitos,
1840 512 2090 608 jurgiis
2113 533 2193 578 ac
2221 506 2464 579 litibus

355 647 875 731 temperatum;
914 631 1171 700 vinctis
1205 654 1499 727 quoque
1540 626 1829 722 dempta
1865 624 1941 692 in
1974 645 2096 691 eos
2127 618 2276 688 dies
2302 619 2462 687 vin-

354 738 556 832 cula;
616 742 944 839 religioni
994 739 1255 811 deinde
1300 740 1552 828 fuisse,
1609 736 1875 836 quihus
1920 755 2076 803 eam
2113 752 2326 826 opem
2365 726 2466 795 dii
2508 722 2517 729 '

353 845 730 940 tulissent,
763 852 1036 923 vinciri.
1085 853 1386 922 Interim
1433 850 1523 920 ad
1555 836 1771 922 Veios
1820 861 2054 917 terror
2087 837 2466 935 multiplex

353 961 529 1052 fuit,
575 961 803 1034 tribus
844 964 921 1032 in
951 988 1181 1034 unum
1214 960 1421 1033 bellis
1460 960 1768 1047 collatis;
1798 972 2134 1051 “namque
2167 949 2423 1022 eodem
2444 1000 2462 1035 ,

353 1097 504 1169 quo
530 1086 733 1144 antea
752 1127 772 1161 ,
799 1073 1020 1144 modo
1047 1075 1230 1144 circa
1254 1073 1704 1144 munimenta
1720 1125 1739 1159 ‚
1764 1090 1990 1166 quum
2013 1075 2312 1161 repente
2336 1063 2464 1129 Ca-

351 1197 651 1279 penates
701 1184 1090 1282 Faliscique
1133 1181 1455 1255 subsidio
1488 1183 1890 1268 venissent,
1944 1176 2281 1247 adversus
2318 1184 2466 1239 tres

353 1293 708 1363 exercitus
746 1295 1038 1392 ancipiti
1075 1294 1316 1391 praelio
1353 1299 1790 1390 pugnatum7
1832 1300 1959 1357 est.
2000 1287 2185 1354 Ante
2228 1278 2471 1349 omnia

352 1401 624 1496 adjuvit
642 1404 1494 1499 memoriadamnationis
1516 1400 1740 1497 Sergii
1769 1421 1849 1467 ac
1858 1393 2194 1490 Virginii;
2223 1391 2467 1483 itaque

352 1512 744 1607 majoribus
781 1517 1062 1603 castriS,
1107 1512 1307 1584 unde
1340 1525 1551 1582 antea
1584 1522 1934 1600 cessatum
1963 1503 2232 1603 fuerat,
2269 1499 2474 1569 brevi

355 1626 586 1719 spatio
617 1624 1123 1695 circumductae
1150 1624 1372 1720 copiae
1402 1634 1776 1719 capenates
1794 1674 1813 1707 ,
1841 1619 1915 1686 in
1944 1612 2207 1685 vallum
2230 1633 2472 1681 roma-

353 1756 533 1815 num
550 1758 828 1821 versos,
857 1732 947 1804 ab
976 1749 1178 1830 tergo
1208 1733 1738 1831 aggrediuntur.
1767 1727 1944 1800 Inde
1969 1750 2214 1824 pugna
2238 1737 2474 1819 coepta

355 1853 429 1911 et
455 1842 740 1913 Faliscis
769 1843 1009 1914 intulit
1038 1856 1422 1933 terrorem,
1454 1840 2040 1940 trepidantesque
2070 1835 2355 1930 eruptio
2384 1855 2474 1901 ex

354 1951 597 2020 castris
630 1967 1042 2049 opportune
1075 1951 1261 2024 facta
1300 1953 1592 2039 avertit;
1640 1949 1968 2048 repulsos
1995 1941 2255 2016 deinde
2286 1944 2476 2011 inse-

352 2061 565 2153 quuti
619 2062 927 2133 victores
968 2064 1356 2161 ,ingentem
1406 2062 1795 2134 ediderunt
1847 2057 2131 2130 caedem.
2188 2058 2335 2126 Nec
2375 2053 2474 2121 ita

352 2168 584 2239 multo
617 2168 828 2267 post⁸
858 2173 1006 2267 jam
1044 2174 1366 2270 palantes
1389 2230 1407 2262 ,
1445 2173 1670 2244 veluti
1715 2170 1901 2243 forte
1934 2167 2197 2253 oblati,
2234 2186 2473 2261 popu-

333 2277 615 2350 ·latores
648 2284 1013 2379 capenatis
1041 2285 1190 2381 agri
1211 2283 1551 2380 reliquias
1585 2306 1845 2381 pugnae
1873 2278 2335 2373 absumpsere
2362 2297 2377 2340 :
2404 2284 2479 2340 et

353 2389 763 2489 Veientium
782 2391 1216 2490 refugientes
1238 2395 1313 2464 in
1332 2391 1592 2465 urbem
1609 2392 1819 2463 multi
1841 2403 2006 2461 ante
2027 2401 2270 2487 portas
2286 2375 2491 2467 caesi,

337 2594 404 2633 -et
424 2597 594 2649 aperto
613 2588 753 2647 loco,
772 2593 957 2641 scilieet
970 2593 1146 2663 aedium
1168 2595 1367 2660 (confer
1452 2606 1614 2645 serant
1648 2594 1797 2661 (vide
1820 2594 1883 2643 ad
1901 2597 1989 2654 tv,
2012 2610 2073 2654 27
2094 2628 2109 2652 ‚
2130 2609 2181 2640 ιι.
2209 2590 2257 2656 ι)
2272 2626 2287 2650 ,
2319 2588 2474 2637 veluti

352 2664 549 2722 XXIV,
596 2665 686 2725 16,
717 2685 768 2716 ιι.
806 2687 864 2732 9;
905 2673 1072 2730 XXV,
1117 2688 1173 2718 12
1205 2684 1358 2732 extr-3
1438 2673 1578 2738 forte
1599 2674 1755 2721 oblati
1771 2690 1797 2729 ,²
1817 2690 1931 2720 casu
1955 2673 2153 2722 obviam
2187 2670 2303 2717 facti
2326 2667 2471 2733 (vide

353 2743 555 2802 XXVI,
603 2746 663 2792 13
677 2745 722 2808 ),
764 2759 818 2795 ut
857 2764 1036 2814 synon.
1078 2749 1366 2797 vestibulum

352 2820 530 2868 oedium
545 2823 609 2882 V,
640 2832 732 2883 413
756 2828 987 2876 XXXIII
1003 2862 1018 2887 ,
1047 2830 1111 2883 48
1137 2840 1185 2877 et
1204 2828 1364 2893 simpl.

350 2900 639 2949 vestibulum
655 2906 732 2963 11,
755 2906 820 2962 54
839 2923 852 2965 ;
880 2919 928 2954 et
948 2908 1143 2966 XXIV,
1169 2923 1196 2953 2
1210 2922 1259 2966 13
1281 2907 1368 2955 ubi

352 2979 530 3027 oedium
551 2981 612 3029 ab
639 2984 838 3047 optimis
859 2986 984 3033 MSS
1000 2986 1151 3034 abest.
1165 3012 1234 3022 ——-
1257 2985 1369 3032 Vin-

354 3057 441 3103 ctis
455 3075 643 3123 quoque
661 3063 855 3128 dempta
867 3065 916 3112 in
930 3081 1010 3112 eos
1026 3064 1128 3112 dies
1135 3064 1338 3112 vincula
1346 3099 1361 3121 ,

352 3136 480 3182 forte
495 3152 596 3185 non
608 3142 803 3203 publice
824 3144 998 3192 vinctis
1009 3179 1023 3202 ‚
1041 3144 1128 3191 sed
1145 3143 1285 3191 nexis
1299 3143 1367 3190 ob

359 3228 427 3260 aes
451 3213 685 3276 alienum,
715 3232 769 3268 ut
785 3221 883 3271 hoc
907 3224 1149 3289 pertineat
1172 3221 1236 3270 ad
1257 3222 1368 3269 reli-

357 3291 553 3355 gionem
568 3325 582 3349 ‚
605 3311 695 3356 qua
719 3299 826 3346 haee
846 3317 978 3347 saera
986 3301 1219 3363 privatim
1244 3301 1368 3346 cele-

262 3362 266 3371 *
354 3370 489 3416 brata
508 3369 655 3417 fnisse
671 3373 790 3423 dicit
806 3377 997 3435 Livius3
1024 3378 1154 3426 Duk.
1181 3405 1252 3414 —
1278 3378 1368 3424 Re-

355 3447 526 3512 ligioni
532 3447 721 3513 fitis-se,
749 3453 863 3500 vide
885 3456 949 3501 ad
973 3457 1049 3514 11,
1078 3456 1108 3502 5
1127 3490 1142 3513 ,
1168 3472 1218 3502 ιι.
1249 3463 1296 3510 4.

429 3541 475 3585 7.
505 3527 724 3592 Ancipiti
736 3531 912 3593 praelio
934 3545 1231 3597 pugnatum,
1257 3533 1370 3580 vide,

355 3604 419 3651 ad
450 3608 497 3659 Ι,
522 3608 616 3665 25,
642 3624 692 3655 ιι.
723 3617 771 3664 4.
796 3636 866 3645 -
895 3611 1135 3658 Memoria
1163 3612 1372 3657 damna·
1406 3657 1415 3671 ‚

353 3683 496 3732 tionis
513 3685 668 3749 Sergii
689 3701 752 3733 ae
772 3686 989 3751 Virginii.
1016 3691 1194 3752 Itaque
1215 3689 1370 3753 majo-

353 3761 506 3819 ribus,
534 3775 626 3812 etc.
647 3765 790 3812 Conf.
810 3780 954 3829 supra
973 3782 1077 3830 cap.
1100 3767 1156 3825 8,
1184 3783 1204 3812 1
1219 3782 1239 3812 1
1257 3801 1272 3825 ,
1295 3783 1372 3815 12.

357 3840 491 3890 Ante
509 3843 772 3908 majoribus
792 3845 1028 3893 excidisse
1046 3861 1073 3891 e
1094 3846 1303 3894 videtur.

429 3921 476 3968 8.
493 3922 595 3968 Nec
615 3922 687 3970 ita
706 3924 855 3971 multo
863 3936 982 3987 post
992 3925 1202 3972 Romani
1220 3923 1377 3972 victo·

358 4015 433 4048 res
446 3999 568 4065 'jam
589 4003 819 4066 palantes
850 4014 899 4049 et
916 4004 1207 4066 populantes
1234 4018 1377 4066 cape·

357 4092 520 4128 natem
536 4097 708 4147 agrum
721 4116 737 4142 ,
776 4069 1005 4145 ieliquias
1018 4099 1202 4148 pugnae
1213 4117 1229 4140 ,
1259 4084 1376 4129 resi-

356 4156 476 4207 duas
496 4161 663 4224 copias
675 4160 913 4223 hostium,
931 4162 1016 4227 qui
1035 4179 1061 4210 e
1079 4178 1241 4227 pugna
1262 4178 1371 4211 cva-

1454 2751 1515 2798 ad
1534 2754 1609 2810 11,
1632 2754 1724 2809 60,
1744 2767 1794 2797 ιι.
1821 2766 1841 2796 1
1859 2769 1872 2810 ;
1892 2753 2009 2810 XL,
2035 2750 2100 2797 55
2118 2766 2200 2808 ,n.
2221 2748 2472 2805 23XLII,

1456 2830 1523 2876 66
1544 2864 1558 2887 ,
1593 2845 1641 2875 n.
1671 2829 1734 2892 3)
1778 2840 1827 2876 et
1860 2829 1915 2875 in
1948 2844 2028 2875 eas
2063 2826 2357 2881 incidentes,
2389 2823 2474 2869 ab·

1454 2920 1716 2970 sumpsere,
1747 2906 2015 2953 confecere.
2026 2907 2141 2951 Vox
2161 2901 2318 2948 veluti
2326 2916 2471 2963 quam

1454 2986 1557 3032 vim
1583 2984 1779 3042 haheat,
1806 3000 1954 3047 quum
1979 2997 2083 3030 non
2107 2979 2287 3036 veluti,
2313 2978 2400 3026 sed
2423 2994 2475 3024 re

1454 3080 1579 3111 vera
1602 3064 1728 3111 forte
1750 3063 1901 3112 oblati
1925 3062 2127 3118 fuerint,
2159 3075 2263 3106 non
2289 3058 2475 3122 liquere

1454 3154 1658 3190 monent
1668 3143 1798 3190 Duk.
1818 3153 1866 3189 et
1879 3139 2028 3188 Drak.
2049 3138 2192 3187 Conf.
2206 3136 2269 3185 ad
2279 3139 2475 3195 XXIV,

1460 3238 1525 3269 αι»
1539 3255 1553 3277 ,
1577 3239 1626 3268 ιι.
1651 3230 1696 3275 4.
1725 3221 1954 3268 Creverio
1982 3232 2177 3280 quoque
2193 3227 2471 3280 suspectum

1455 3302 1513 3350 τὸ
1530 3299 1710 3356 rveluti,
1741 3300 1877 3358 cujus
1897 3296 2033 3344 vocis
2057 3296 2244 3343 nullum
2263 3295 2343 3343 hic
2365 3311 2476 3342 sen·

1456 3394 1564 3425 sum
1583 3393 1689 3425 esse¹
1709 3377 1843 3424 dicit.
1868 3375 2089 3423 Forsitan
2115 3375 2351 3439 scriptum
2372 3375 2475 3420 sue·-

1456 3467 1532 3504 rat
1559 3457 1640 3504 Vti
1656 3474 1675 3504 .·
1696 3455 1831 3520 quod
1847 3455 2031 3503 librarii
2050 3453 2354 3517 interpretati
2372 3452 2476 3498 fue-

1456 3536 1556 3583 rint
1595 3536 1779 3592 veluti,
1825 3550 1972 3597 quum
2009 3534 2169 3598 legere
2198 3520 2477 3579 debuissent

1458 3614 1721 3678 quingenti.
1750 3614 2071 3675 Populatores
2093 3622 2255 3659 autem
2284 3609 2344 3654 de
2370 3608 2478 3670 qui-

1456 3693 1551 3740 hus
1576 3693 1658 3738 hic
1684 3692 1842 3754 agitur
1856 3724 1870 3749 ‚
1907 3701 2019 3738 sunt
2037 3688 2261 3737 Romani.
2301 3689 2478 3734 Sensus

1459 3786 1575 3834 ergo
1603 3781 1676 3817 est
1703 3784 1716 3817 :
1752 3768 2005 3831 quingenti
2035 3767 2270 3838 Romani,
2306 3765 2391 3828 qui
2415 3766 2479 3812 ad
2566 3772 2573 3776 “

1459 3846 1793 3912 pabulandum
1818 3846 1869 3892 in
1896 3861 2062 3908 agrum
2090 3856 2369 3910 capenatem
2393 3861 2478 3892 ex-

1459 3937 1726 3983 cesserant,
1747 3924 1964 3988 palantes
1973 3926 2070 3984 iam
2090 3925 2300 3972 Faliscos
2318 3926 2473 3988 Cape-

1460 4016 1721 4068 natesque‚
1755 4003 1983 4067 reliquias
2013 4020 2215 4068 pugnae,
2243 4004 2369 4053 forte
2395 4004 2479 4051 ob·

1460 4084 1578 4143 lati,
1606 4083 1846 4133 delevere.
1882 4082 2054 4131 Nostri
2075 4083 2230 4131 veluti
2249 4084 2372 4133 MSS
2394 4083 2479 4129 ha—

1463 4163 1599 4212 bent.
1618 4165 1706 4212 En.
