3000 4717
2240 314 2289 352 Δ.
2316 312 2366 353 C.
2393 315 2486 367 393.

416 326 544 398 168
1248 333 1328 399 Τ.
1392 332 1680 402 LIVII
2223 366 2473 427 n.c.359.

406 472 701 546 quoque
728 447 1124 538 dictatori5‚
1156 451 1495 523 omnibus
1523 450 1903 523 ordinibus
1929 451 2215 522 obviam
2245 452 2493 525 effusis
2511 510 2535 543 ,

407 558 868 646 celebratior,
915 585 1132 657 quam
1187 561 1403 632 ullius
1452 586 1775 659 unquam
1823 577 2027 633 antea
2065 561 2234 650 fuit3
2278 566 2535 634 trium-

407 669 746 766 phusque
815 696 1109 742 omnem
1168 689 1605 744 consuetum
1665 674 2071 745 honorandi
2136 674 2277 747 diei
2343 676 2535 746 illius

408 779 710 857 modum
740 781 1188 877 aliquantum
1222 787 1544 855 excessit.
1577 786 1888 855 Maxime
1919 801 2347 881 conspectus
2383 789 2536 884 ipse

407 905 516 961 est
533 887 588 980 3,
630 917 847 963 curru
884 895 1087 990 equis
1125 894 1303 965 albis
1338 896 1595 989 juncto
1640 895 1912 967 Urbem
1961 898 2287 968 invectu‘s
2330 924 2349 966 ε
2401 921 2535 994 pa-

406 1030 715 1101 rumque
766 1005 835 1075 id
886 1032 1034 1075 non
1075 1007 1283 1077 civile
1330 1006 1553 1076 modo
1579 1062 1597 1094 ‚
1642 1007 1781 1078 sed
1834 1007 2233 1077 humanum
2281 1009 2534 1091 etiam,

405 1116 665 1185 visum.
714 1117 908 1185 Jovis
955 1116 1283 1212 Solisque
1326 1117 1532 1211 equis
1577 1117 2046 1213 aequiparari‘*
2073 1117 2536 1205 dictatorem,

395 1224 478 1294 ‘in
532 1224 954 1321 religionem
1002 1228 1215 1296 etiam
1276 1223 1707 1296 trahebant-¹¹
1751 1252 1766 1295 ε
1820 1227 2376 1324 triumphusque
2435 1227 2535 1298 ob

405 1358 564 1404 eam
615 1359 834 1405 unam
875 1337 1188 1406 maxime
1231 1361 1385 1405 rem
1435 1334 1732 1422 clarior,
1781 1359 1996 1431 quam
2035 1337 2339 1430 gratior,
2376 1331 2529 1403 fuit.

404 1447 583 1514 Tum
633 1446 903 1514 Junoni
949 1448 1216 1542 reginae
1275 1445 1628 1543 templum
1676 1446 1751 1515 in
1788 1441 2198 1516 Aventino6
2243 1445 2535 1524 locavit,

406 1551 909 1649 dedicavitque
945 1560 1238 1626 Matutae
1270 1557 1523 1626 matrix
1564 1568 1819 1651 atque,
1862 1554 1973 1625 his
2006 1553 2261 1624 divinis
2284 1553 2535 1623 huma-

402 1665 663 1759 nisque
698 1654 917 1735 rebus
948 1669 1194 1761 gestis,
1231 1666 1585 1738 dictatura
1613 1692 1686 1738 se
1716 1666 2091 1737 abdicavit.
2123 1667 2256 1763 Agi
2278 1663 2538 1735 deinde

401 1771 496 1844 de
537 1774 883 1872 Apollinis
927 1775 1125 1848 dono
1171 1791 1537 1874 coeptum3
1589 1777 1706 1846 cui
1739 1801 1814 1846 se
1850 1775 2228 1847 decumam
2261 1774 2537 1844 vovisse

406 1965 603 2015 codices
613 1969 794 2018 nostri:
810 1987 836 2019 e
851 1971 1030 2037 quibus
1039 1971 1249 2019 libenter
1267 1981 1316 2018 et
1332 1985 1425 2018 nos
1514 1984 1573 2015 ae.
1593 1966 1642 2016 d.
1666 1967 1761 2016 Sed
1778 1967 2063 2014 dictatorem
2079 1967 2176 2014 hoc
2193 1967 2307 2014 loco
2323 1966 2540 2031 positum

409 2048 696 2116 recepimus.
716 2051 808 2096 En.

479 2127 525 2172 3.
540 2128 765 2174 Maxime
786 2141 1064 2194 conspectus
1083 2129 1184 2192 ipse
1202 2139 1296 2184 esc,
1313 2126 1427 2174 vide

407 2202 470 2249 nd
487 2204 538 2251 11
554 2239 568 2262 ,
597 2205 625 2252 5
638 2241 652 2264 ‚
680 2223 728 2254 n.
755 2207 802 2254 8.
827 2209 902 2254 Ex
921 2225 1054 2272 seqq.
1076 2204 1329 2271 probabile
1344 2203 1426 2260 fit,

401 2281 656 2331 Camillum
678 2285 762 2331 tali
786 2302 929 2332 curru
943 2320 957 2343 ,
982 2295 1189 2348 quatuor
1202 2283 1339 2345 equis
1356 2282 1424 2327 al-

399 2360 478 2408 bis
484 2363 658 2421 juncto
669 2397 683 2420 ‚
704 2364 915 2426 primum
929 2361 1265 2433 trIumphasse.
1276 2358 1425 2421 Quod

403 2450 566 2487 tamen
598 2442 644 2486 ei
675 2441 796 2487 vitio
834 2440 999 2497 datur,
1025 2441 1125 2499 jam
1160 2438 1422 2485 Romulum

402 2518 574 2567 fecisse
616 2518 814 2582 tradunt
843 2518 1051 2582 Dionys.
1090 2517 1337 2564 Halicarn.
1376 2526 1425 2563 et

404 2597 553 2658 Ptop.
573 2597 709 2653 1v‚‚1
728 2629 744 2652 ‚
770 2612 822 2641 n.
859 2595 940 2642 32.
966 2594 1109 2644 conf.
1130 2595 1344 2643 Broukh.
1364 2596 1427 2643 ad

403 2673 585 2721 Tibull.
610 2676 634 2720 I
653 2709 667 2733 ‚
691 2676 738 2722 8.
760 2674 897 2721 Idem
918 2690 1075 2738 neque
1103 2686 1239 2734 ante,
1268 2691 1428 2737 neque

397 2764 515 2818 post
526 2753 782 2801 Camillum
796 2771 823 2801 a
837 2770 1084 2817 quoquam
1098 2755 1278 2802 factum
1298 2771 1401 2801 esse
1414 2789 1428 2812 ‚

398 2848 656 2898 perperam
680 2832 848 2882 monet
874 2834 1000 2881 Plut.
1016 2834 1204 2882 Camill.
1230 2851 1282 2898 p.
1312 2835 1426 2880 132.

401 2911 491 2973 Cuj
498 2929 552 2960 us
561 2925 722 2962 tamen
739 2914 887 2962 verba
897 2914 1128 2962 Maderus
1143 2914 1205 2961 ad
1215 2929 1428 2971 currum,

401 3006 463 3037 ex
479 2992 637 3056 aliqua
650 2995 682 3040 J
684 2995 792 3041 ovis
814 2993 917 3041 aede
934 2993 1242 3059 desumptum
1259 3026 1273 3051 ‚
1308 2993 1427 3040 refe-

397 3069 552 3117 rebat.
574 3071 650 3118 Cf.
674 3072 824 3118 Drak.
845 3071 909 3119 ad
928 3089 971 3119 c.
991 3075 1055 3119 28
1076 3089 1152 3137 pr.
1180 3083 1227 3119 et
1245 3075 1422 3134 Cuper.

398 3146 463 3193 ad
483 3148 630 3195 Auct.
662 3148 722 3195 de
740 3162 887 3197 mort.
909 3167 1093 3215 persec.
1118 3167 1161 3197 c.
1188 3149 1248 3195 16
1262 3184 1276 3205 ‚
1298 3150 1423 3196 bene

399 3225 483 3289 qui
502 3225 616 3273 adv.
638 3228 856 3276 Freinsh.
876 3229 929 3274 in
947 3229 1057 3276 Iud.
1078 3228 1210 3274 Flori
1229 3227 1293 3274 ad
1310 3243 1422 3275 voc.

397 3304 594 3369 Equum
626 3304 894 3370 disputant.

469 3392 516 3441 4.
562 3384 693 3432 Jovis
716 3383 936 3448 Solisque
960 3385 1093 3448 equis
1119 3384 1426 3448 aequiparan'

392 3462 688 3516 dictatorem·
703 3481 721 3511 :
755 3480 866 3511 nam
889 3464 968 3512 his
996 3464 1091 3511 diis
1117 3463 1269 3512 tribui
1296 3464 1419 3511 sole·

392 3543 480 3591 bat
522 3560 688 3591 currus
734 3543 867 3609 equis
911 3543 1034 3590 albis
1059 3543 1260 3609 junctus
1274 3578 1291 3600 ,
1337 3543 1419 3590 vel

393 3637 564 3688 propr.
577 3639 772 3681 currus,
790 3622 893 3682 cui,
914 3638 998 3670 seu
1017 3622 1080 3670 ad
1099 3638 1244 3685 quem
1256 3622 1419 3683 juncti

396 3713 513 3750 sunt
546 3705 659 3766 equi
688 3704 802 3751 albi.
844 3702 1025 3751 Confer
1048 3702 1320 3750 Mitscherl.
1355 3701 1419 3749 ad

403 3781 528 3827 Hor.
550 3782 648 3829 Od.
676 3785 700 3827 I
717 3817 731 3840 ,
759 3784 851 3841 34,
871 3798 921 3829 ιι.
939 3784 985 3831 8.
1013 3782 1142 3829 Hinc
1168 3798 1227 3829 eo
1251 3781 1322 3829 uti
1344 3780 1421 3828 in-

400 3857 583 3906 dicium
618 3861 856 3924 superbiae
894 3862 1075 3909 dicitur
1111 3862 1256 3908 etiam
1294 3861 1423 3907 infra

397 3937 592 3993 XXIV,
607 3937 673 3984 25
687 3971 701 3994 ,
719 3954 769 3984 ιι.
786 3955 845 4011 ²5
862 3940 1093 3987 Scheffer.
1109 3940 1171 3987 de
1184 3956 1235 3987 re
1254 3939 1415 3989 vehic.

1517 2062 1620 2093 esse
1647 2061 1739 2109 pro
1762 2045 2014 2093 dictatoris
2039 2061 2256 2101 currum,
2279 2055 2334 2091 ut
2358 2043 2540 2107 passim

1514 2124 1789 2183 hominem,
1817 2125 1902 2187 qui
1936 2125 1990 2171 in
2017 2122 2176 2186 aliqua
2202 2139 2255 2170 re
2281 2123 2452 2169 similis
2477 2122 2543 2170 sit

1517 2204 1655 2250 alteri
1681 2203 1776 2260 rei,
1803 2217 1896 2265 pro
1920 2203 2023 2266 ipsa
2053 2219 2104 2247 re
2119 2236 2133 2259 ‚
2164 2202 2217 2246 in
2247 2216 2341 2262 qua
2369 2200 2542 2246 simili-

1518 2280 1638 2327 tudo
1662 2281 1752 2326 ista
1774 2289 2000 2325 cernatur
2019 2275 2128 2343 (vel
2155 2276 2425 2338 subjectum
2446 2294 2540 2341 pro

1512 2358 1749 2407 attributo
1762 2358 1783 2423 )
1794 2359 1896 2417 jam
1909 2358 2101 2405 monuit
2117 2356 2300 2405 Stroth.
2315 2356 2428 2404 coll.
2437 2359 2540 2419 ΙΙΙ,

1514 2439 1608 2495 26,
1634 2453 1683 2483 ιι.
1714 2452 1767 2495 13
1794 2439 1897 2495 IX,
1928 2452 1988 2483 10
2008 2453 2084 2501 pr.
2109 2435 2439 2501 (Postumium
2461 2436 2542 2483 de-

1519 2516 1701 2564 votioni
1716 2518 1773 2563 P.
1798 2515 1939 2563 Decii
1962 2516 2197 2573 consulis,
2228 2527 2276 2563 et
2303 2516 2413 2563 aliis
2436 2513 2541 2574 ejus

1518 2595 1663 2642 claris
1662 2593 1971 2659 facinoribus
1985 2593 2285 2659 aequabant).
2306 2593 2539 2657 Xenoph.

1519 2679 1815 2743 Cyrop.V1‚
1853 2695 1874 2725 1
1906 2665 2137 2744 (ἅρματα
2157 2675 2300 2743 ὅμοια.
2322 2662 2538 2741 ἐκείνῳ);

1518 2758 1729 2806 Diodor.
1746 2759 1797 2804 11
1810 2793 1824 2817 ‚
1852 2758 1911 2805 51
1944 2744 2215 2825 (κύρτωμα
2232 2750 2537 2821 παρεμφερὲς

1520 2835 1725 2904 καμήλῳ
1742 2824 1795 2900 );
1828 2848 1878 2884 et
1900 2837 2082 2884 Euseb.
2107 2836 2226 2883 hist.
2251 2834 2538 2893 eccles.VI,

1519 2919 1547 2965 3
1589 2913 1608 2975 (
1625 2913 1708 2966 ἐπὶ
1741 2914 1821 2964 τὸν
1861 2915 2021 2980 ὅμοιον
2059 2914 2192 2980 αὐτῷ
2228 2911 2363 2969 ζῆλον
2381 2898 2421 2972 ).
2459 2911 2538 2962 Cf.

1517 3005 1565 3041 et
1585 2994 1687 3041 Cic.
1708 2994 1794 3039 Or.
1811 2995 1862 3049 1,
1880 3000 1911 3047 4
1932 3002 2077 3045 extr..
2102 2996 2167 3044 44
2183 2999 2334 3045 extr-3
2353 2987 2537 3036 Justin.

1515 3075 1638 3131 I,7;
1666 3069 1949 3134 etsupraad
1970 3072 2049 3128 ΙΙ,
2075 3069 2233 3126 ι3,ιι.
2261 3067 2322 3126 5;
2347 3068 2429 3125 11,
2450 3082 2539 3127 27,

1513 3164 1564 3197 n.
1590 3149 1646 3207 5;
1675 3160 1724 3195 et
1750 3148 1983 3205 xxvn,
2012 3146 2078 3193 25
2101 3181 2115 3205 ‚
2140 3162 2190 3193 ιι.
2221 3161 2264 3193 1.
2308 3159 2312 3163 ’

1586 3228 1634 3274 5.
1676 3230 1738 3273 In
1763 3226 2044 3292 religionem
2076 3225 2224 3272 etiam
2247 3223 2533 3282 trahebant,

1513 3307 1680 3365 veriti,
1723 3323 1801 3361 ne
1824 3322 1975 3370 prava
2019 3305 2222 3352 deorum
2262 3303 2537 3352 imitatione

1512 3402 1683 3434 eorum
1703 3386 1894 3433 invidia
1918 3396 1965 3433 et
1983 3385 2054 3432 ira
2071 3393 2340 3432 moveatur.
2355 3381 2537 3432 Confer

1510 3482 1656 3530 supra
1677 3465 1742 3512 ad
1768 3480 1879 3529 cap.
1910 3473 1999 3521 14,
2028 3480 2079 3511 ιι.
2102 3464 2149 3509 3.
2233 3517 2237 3522 ,

1581 3544 1631 3591 6.
1663 3546 1782 3591 Tum
1808 3543 1995 3590 Iunoni
2015 3542 2212 3607 Regina·
2238 3540 2463 3604 templum
2485 3539 2534 3586 in

1510 3623 1747 3671 Aventino
1770 3620 1913 3687 (vide
1934 3622 1996 3669 ad
2015 3625 2039 3668 1
2057 3655 2072 3680 ,
2094 3621 2149 3677 5,
2171 3637 2221 3667 ιι.
2245 3617 2304 3683 2)
2331 3617 2535 3675 locavit,-

1510 3718 1624 3750 nam
1640 3705 1812 3749 Romae
1829 3713 1933 3750 tum
1954 3696 2165 3748 aedificia‘
2176 3697 2377 3762 publica
2397 3696 2537 3759 (quin

1513 3793 1562 3830 et
1586 3780 1806 3846 privata)
1832 3778 2122 3828 exstruenda
2161 3777 2350 3839 aliaque
2388 3790 2536 3839 opera

1511 3858 1810 3926 perficienda
1826 3891 1841 3918 ‚
1859 3871 1965 3907 tum
1981 3856 2235 3920 vectigalia
2255 3856 2355 3903 fere
2372 3853 2536 3901 omnia

1508 3950 1557 3986 et
1598 3940 1784 3987 reditus
1826 3937 2045 4001 publici,
2085 3949 2437 3996 nonnunquam
2484 3940 2534 3976 et

395 4017 448 4072 1,
481 4015 559 4060 18.
601 4013 820 4076 Cuperus
854 4027 903 4063 et
928 4019 1056 4065 Cler.
1087 4017 1278 4066 emend.
1306 4018 1418 4066 Iovi
1505 4019 1804 4066 frumentum
1829 4026 2110 4076 ceteraque,
2143 4029 2251 4075 quae
2278 4011 2395 4058 belli
2418 4023 2533 4055 usus

390 4092 585 4156 Solique
606 4090 739 4153 equis
761 4090 885 4154 (hoc
913 4104 1011 4151 est,
1038 4094 1202 4155 quoad
1228 4094 1414 4160 equos)
1503 4096 1811 4160 pessimabat,
1839 4090 2099 4157 praebenda
2157 4089 2298 4153 (vide
2323 4087 2530 4141 xxm,
