3000 4717
2204 280 2256 318 A·
2282 279 2329 321 C.
2357 281 2580 330 ⁴15—a13.

515 316 607 387 92
1364 300 1438 367 T.
1489 301 1565 377 ,L
1580 302 1613 368 I
1629 303 1692 370 V
1708 302 1741 368 I
1753 302 1788 368 Ῑ
2207 339 2264 380 11.
2286 341 2336 381 c.
2361 343 2584 398 337-339.

511 417 854 486 Menenio
880 420 1153 488 Lanato
1164 470 1192 505 ,‚
1215 432 1287 488 et
1314 424 1394 491 L.
1418 421 1719 492 Servilio
1742 426 2032 492 Structo
2048 475 2068 509 ‚
2100 435 2177 502 et,
2196 424 2272 491 P.
2302 426 2638 494 Lucretio
2733 428 2739 435 ’

516 526 939 623 Tricipitino
956 583 975 618 ,
995 529 1259 601 iterum
1278 531 1616 603 omnibus
1640 534 1751 604 his
1766 587 1786 621 ,
1814 551 1884 605 et
1907 538 2024 631 Sp.
2049 533 2319 606 Rutilio
2344 540 2597 608 Crasso
2615 589 2636 622 ,

517 648 590 704 et
616 634 1042 734 insequente
1072 663 1266 712 anno
1298 645 1377 712 A.
1410 644 1837 741 Sempronio
1856 645 2183 714 Atratino
2212 645 2502 715 tertium
2519 698 2538 732 ,
2565 657 2640 714 et

517 741 805 816 duobus
852 748 1111 818 iterum
1157 756 1254 821 M.
1304 754 1584 850 Papirio
1628 753 2058 851 Mugillano,
2096 767 2167 823 et
2210 758 2330 848 Sp.
2376 752 2640 823 Nautio
2740 756 2745 769 '

515 855 796 941 Rutilo,
843 855 1221 930 biennium
1275 864 1678 961 tranquillae
1724 878 2035 936 externae
2089 888 2242 952 reS,
2286 860 2643 932 discordia

515 963 716 1035 domi
752 992 839 1037 ex
874 968 1209 1066 agrariis-'⁶
1241 972 1517 1070 legibus
1550 972 1705 1044 fuit.

615 1079 925 1149 XLVIII.
947 1080 1383 1155 Turbatores
1397 1084 1592 1182 vulgi
1612 1098 1815 1155 erant
1831 1085 2068 1181 Spurii
2087 1084 2426 1154 Maecilius
2444 1106 2648 1178 quar·

519 1200 673 1256 tum
712 1203 784 1259 et
820 1191 1133 1262 Metilius
1173 1195 1467 1264 tertium
1512 1193 1786 1265 tribuni
1824 1193 2091 1291 plebis,
2130 1193 2343 1264 ambo
2386 1192 2646 1264 absen-

523 1310 628 1368 tes
656 1309 678 1339 ¹
719 1302 937 1385 creati
970 1329 984 1371 ε
1032 1317 1103 1373 et
1148 1329 1377 1401 quum
1419 1305 1871 1402 rogationem
1915 1304 2525 1400 promulgassent,
2569 1315 2651 1370 ut

523 1430 692 1504 ager
713 1433 804 1478 ex
825 1409 1155 1484 hostibus
1177 1429 1428 1512 captus
1450 1415 1714 1484 viritim
1739 1411 2206 1500 divideretur,
2231 1434 2651 1505 magnaeque

521 1519 743 1613 partis
778 1518 1130 1593 nobilium
1170 1548 1258 1593 eo
1295 1522 1674 1620 plebiscito
1728 1519 2273 1619 publicarentur
2308 1517 2654 1605 fortunae,

526 1625 709 1719 (nec
753 1629 947 1697 enim
996 1628 1219 1702 ferme
1262 1633 1662 1730 quidquam
1709 1634 1901 1730 agri,
1940 1647 2023 1702 ut
2063 1633 2140 1701 in
2180 1629 2377 1701 Urbe
2420 1629 2653 1699 alieno

441 1832 444 1835 Ἴ
528 1734 683 1805 solo
721 1738 954 1832 posita
975 1793 993 1825 ,
1028 1764 1180 1809 non
1216 1744 1431 1810 armis
1461 1757 1748 1836 partum
1785 1757 1972 1830 erat;
2002 1767 2170 1831 nec,
2200 1744 2398 1840 quod
2433 1742 2656 1810 venis-

528 1859 633 1914 set
662 1847 1186 1943 assignatumve
1217 1848 1511 1949 publice
1541 1865 1724 1921 esset
1743 1904 1762 1937 ,
1794 1867 2273 1950 praeterquam
2304 1852 2507 1949 plebs
2534 1849 2654 1919 ha-

525 1953 818 2049 bebat),
851 1971 1056 2030 atrox
1081 1960 1274 2057 plebi
1297 1959 1774 2056 Patribusque
1803 1964 2260 2058 propositum
2284 1959 2659 2030 videbatur

529 2079 931 2149 certamen:
963 2094 1101 2141 nec
1132 2070 1407 2142 tribuni
1437 2072 1746 2140 militum
1765 2124 1785 2157 ‚
1818 2094 2015 2139 nunc
2044 2072 2122 2138 in
2149 2083 2433 2157 senatu,
2462 2094 2661 2139 nunc

526 2176 605 2246 in
651 2180 969 2250 conciliis
1015 2183 1306 2277 privatis
1348 2181 1758 2278 principum
1806 2178 2219 2275 eogendis2‚
2252 2179 2437 2248 viam
2485 2202 2662 2247 con-

530 2287 666 2357 silii
694 2290 1194 2374 inveniebant3
1228 2317 1459 2387 quum
1487 2295 1621 2388 Ap.
1654 2288 2027 2377 Claudius,
2058 2313 2288 2387 nepos
2321 2289 2510 2384 erS,
2537 2290 2664 2386 qui

530 2393 892 2467 decemvir
927 2398 1204 2495 legibus
1240 2400 1641 2472 scribendis
1676 2398 1945 2489 fuerat,
1980 2400 2321 2471 minimus
2364 2414 2541 2469 natu
2578 2424 2664 2470 ex

529 2510 816 2576 Patrum
850 2510 1193 2600 concili0,
1224 2512 1486 2584 dicitur
1513 2511 1805 2601 dixisse,
1838 2516 1914 2582 V
1906 2528 2056 2582 etus
2081 2536 2157 2582 se
2185 2537 2273 2583 ac
2282 2510 2668 2602 familiare

531 2707 664 2745 ctum
691 2711 745 2747 ut
773 2715 786 2747 z
814 2717 870 2749 eo
899 2705 1114 2765 consule,
1145 2708 1222 2757 vel
1252 2708 1326 2757 his
1347 2709 1551 2758 consuli-

533 2774 636 2825 bus.
656 2807 725 2817 -
748 2782 873 2829 Mox
901 2785 1071 2833 iterum
1089 2784 1305 2838 omnibus
1324 2790 1398 2838 his
1418 2806 1514 2855 pro
1540 2804 1553 2837 ε

1716 2709 1837 2757 Car.
1882 2709 2113 2755 XLVIII.
2162 2723 2204 2754 1.
2252 2708 2410 2755 Ambo
2451 2706 2671 2750 absentes

1647 2787 1825 2845 creati,
1854 2787 1968 2834 vide
1989 2787 2053 2834 ad
2077 2787 2167 2842 IV,
2193 2794 2252 2840 42
2271 2818 2284 2841 ,
2312 2801 2361 2829 n.
2391 2797 2435 2827 1.
2453 2807 2519 2816 --
2543 2782 2673 2828 Mox

529 2859 614 2923 qui
658 2876 826 2910 omues
878 2864 1052 2915 iterum
1093 2870 1209 2918 facti
1223 2905 1236 2929 ,
1282 2888 1368 2919 seu
1407 2869 1559 2918 creati
1646 2882 1735 2913 nec
1743 2865 1881 2930 plebs
1899 2864 2111 2911 habebat
2123 2863 2386 2926 quidquam
2400 2858 2526 2921 rapti
2540 2859 2673 2920 agri,

533 2950 646 2986 sunt
672 2941 856 2989 tribuni
878 2944 978 2993 mil.
1009 2948 1138 2997 Hinc
1162 2967 1278 2999 vero
1298 2949 1559 3013 legendum
1638 2956 1971 3008 praeterquam
1996 2940 2134 3003 quod
2150 2939 2385 2993 venisset,
2412 2936 2508 2982 nisi
2533 2936 2674 2999 quod

538 3018 591 3064 C.
618 3020 810 3067 Servilio
838 3024 1025 3072 Structo
1063 3045 1081 3074 .·
1113 3045 1223 3076 nam
1256 3030 1298 3075 is
1318 3031 1419 3088 jam
1445 3038 1560 3074 ante

535 3098 758 3145 tribunus
773 3101 982 3149 militum
998 3105 1156 3152 fuerat
1174 3106 1310 3168 (vide
1326 3121 1432 3167 cap.
1453 3102 1565 3165 45)ε

537 3191 640 3222 non
664 3178 716 3221 L.
742 3178 988 3226 Servilius.
1010 3184 1243 3232 Praeterea
1262 3197 1355 3245 pro
1378 3182 1458 3243 Sp.
1474 3183 1575 3226 Ru·

542 3252 644 3298 cilio
673 3251 814 3316 (quae
843 3272 959 3318 gens
985 3259 1173 3321 plebeia
1201 3257 1327 3323 fuit)
1359 3258 1563 3315 Crasso,

545 3345 607 3376 ex
631 3331 861 3381 Diodoro
877 3337 1233 3399 ‘reponendum
1259 3338 1338 3400 Sp.
1372 3337 1568 3383 Veturio

547 3409 718 3458 Crasso
734 3445 748 3470 ‚
778 3424 826 3460 et
847 3413 1025 3462 deinde
1051 3430 1117 3464 ex
1139 3415 1314 3464 eodem
1337 3414 1567 3463 Diodoro

541 3491 668 3536 XIII
684 3525 698 3549 ,
721 3509 771 3555 p.
803 3493 933 3550 335;
959 3505 1007 3541 et
1033 3494 1169 3542 fastis
1197 3492 1411 3558 Capitol.
1442 3493 1568 3555 adji-

543 3569 771 3617 ciendum
812 3587 994 3619 nomen
1030 3574 1193 3635 quarti
1232 3572 1421 3620 tribuni
1465 3574 1567 3620 mil.

544 3650 622 3712 Sp.
661 3650 847 3698 Nautio
880 3652 1038 3699 Rutilo
1076 3663 1124 3698 et
1161 3653 1218 3712 Q.
1251 3651 1403 3696 Fabio
1423 3652 1569 3698 Vibu-

545 3730 677 3776 lano.
702 3731 862 3790 Hujus
891 3731 1011 3779 alter
1035 3730 1309 3786 tribunatus
1337 3746 1570 3778 memora-

544 3816 623 3852 tur
669 3807 792 3854 infra
828 3826 872 3857 c.
914 3820 981 3871 49
1014 3809 1141 3856 med.
1180 3825 1419 3873 nusquam
1451 3826 1570 3858 vero

543 3887 746 3949 primus.
785 3888 860 3936 cf.
897 3888 958 3935 ad
986 3904 1029 3937 c.
1056 3897 1148 3947 42,
1188 3906 1238 3937 n.
1271 3891 1320 3949 33
1352 3901 1401 3938 et
1427 3890 1566 3954 Pigh.

547 3968 682 4014 Ann.
712 3967 776 4014 ad
796 3984 839 4014 a.
872 3969 989 4027 337.

617 4044 664 4093 3.
674 4047 759 4093 Ex
771 4046 981 4111 agrariis
992 4048 1265 4122 legibusffif.
1275 4052 1344 4111 11,
1357 4057 1387 4106 4
1396 4064 1417 4096 1
1426 4082 1440 4110 ,
1449 4065 1501 4100 n.
1514 4065 1543 4098 a
1552 4084 1564 4097 .

1653 3021 1907 3067 venditum
1931 3030 2055 3065 esset
2082 3017 2334 3072 auctione,
2360 3026 2443 3060 aut
2460 3015 2676 3077 publice,

1654 3099 1851 3161 publica
1874 3096 2185 3153 auctoritate,
2220 3094 2526 3159 adsignatum
2543 3127 2559 3147 ,
2591 3091 2675 3140 da-

1656 3185 1761 3222 tum
1806 3175 1908 3221 sive
1944 3174 2179 3222 militibus
2198 3207 2213 3232 ,
2258 3174 2383 3233 bene
2421 3171 2482 3218 de
2519 3171 2674 3235 patria

1658 3254 1867 3310 meritis,
1888 3254 1990 3300 sive
2010 3253 2196 3300 colonis
2219 3249 2421 3297 Lavicos
2437 3250 2673 3297 deductis.

1729 3347 1776 3378 2.
1806 3332 1950 3378 Nunc
1985 3332 2035 3378 in
2071 3329 2286 3377 conciliis
2434 3328 2677 3393 cogendis.

1657 3411 1891 3459 Creverio
1918 3411 2173 3458 videbatur
2204 3410 2409 3457 delenda
2441 3407 2676 3472 praeposi-

1656 3490 1745 3537 tio.
1760 3491 1850 3536 En.
1866 3516 1935 3526 ——
1948 3488 2090 3535 Viam
2107 3489 2297 3537 consilii
2313 3489 2468 3554 (utV‚
2490 3488 2519 3534 5
2534 3484 2679 3548 extr.)

1663 3567 1966 3616 inveniebant
1980 3603 1994 3625 ‚
2008 3567 2058 3614 h.
2078 3585 2119 3615 e.
2139 3569 2377 3616 rationem
2392 3579 2440 3614 et
2453 3565 2652 3617 modum
2667 3599 2685 3623 ,

1658 3647 1737 3695 vel
1759 3648 2066 3695 occasionem
2094 3659 2142 3696 et
2182 3646 2456 3695 facultatem
2489 3643 2682 3692 consilii

1659 3728 1956 3790 exsequendi
1993 3744 2006 3776 ε
2045 3739 2100 3774 ut
2125 3727 2263 3774 viam
2282 3723 2487 3790 fraudis
2533 3723 2683 3781 inire,

1657 3807 1877 3864 XXXV,
1900 3823 1946 3866 7.
1987 3804 2219 3854 Similiter
2242 3804 2333 3852 via
2365 3803 2559 3857 mortis,
2602 3800 2689 3848 leci

1659 3896 1708 3935 et
1721 3884 2032 3942 insidiarum,
2055 3900 2207 3949 genus
2228 3885 2304 3933 vel
2320 3884 2444 3931 ratio
2453 3881 2658 3928 XXVII
2672 3915 2688 3940 ,

1657 3978 1754 4028 49,
1790 3988 1840 4018 ιι.
1872 3984 1929 4025 13
1955 3967 2161 4022 XXXI,
2194 3964 2291 4020 18;
2327 3963 2441 4015 XL,
2468 3959 2678 4017 133via

1655 4049 1767 4100 belli
1786 4044 2092 4102 XXXVIII,
2117 4043 2178 4091 18
2205 4038 2324 4107 (ubi
2348 4038 2547 4103 quidam
2571 4037 2676 4086 vim
