3000 4717
2267 323 2315 360 A.
2343 320 2513 364 C.”8

455 343 586 415 188
1240 296 1364 412 ΔΤ.
1429 345 1709 411 LIVII
2268 380 2515 431 umcssa

442 492 531 537 ex
566 465 904 560 antiquo,
942 477 1200 560 praeter
1235 487 1499 535 sonum
1533 463 1831 559 linguae,
1867 487 2003 535 nec
2035 487 2203 536 eum
2231 464 2566 536 incorru-

439 589 686 672 ptum,
731 574 1157 643 retinerent.

536 685 856 751 XXXIV.
897 685 1005 752 De
1048 683 1355 753 transitu
1391 683 1468 751 in
1508 681 1780 752 Italiam
1822 683 2233 755 Gallorum¹
2276 682 2428 752 haec
2458 707 2566 754 ac-

436 776 780 887 cepimus.
810 792 1047 862 Prisco
1063 792 1457 888 Tarquinio
1475 797 1715 862 Romae
1740 807 2091 890 regnante
2108 848 2127 883 ,
2161 792 2560 884 Celtarum,

438 924 597 995 quae
622 925 786 998 pars
817 901 1062 990 Galliae
1091 905 1300 974 tertia
1329 916 1471 992 est,
1498 925 1722 999 penes
1749 904 2098 1000 Bituriges
2127 927 2405 974 summa
2434 904 2563 973 im-

436 1012 617 1106 perii
650 1010 825 1082 fuit:
855 1012 905 1081 ii
930 1036 1173 1108 regem
1199 1012 1473 1084 Celtico
1508 1012 1816 1083 dabant:
1844 1006 2263 1111 Ambigatus
2301 1014 2358 1083 is
2392 1012 2560 1103 fuit,

432 1121 698 1192 virtute
739 1121 1179 1220 fortunaque
1225 1148 1451 1219 quum
1492 1148 1662 1210 sua,
1701 1138 1856 1194 tum
1893 1123 2220 1221 publica,
2253 1125 2559 1222 praepol-

434 1227 622 1319 lenS,
663 1231 865 1328 quod
910 1234 1213 1330 imperio
1264 1233 1418 1328 ejus
1469 1233 1700 1304 Gallia
1748 1232 1928 1305 adeo
1984 1232 2277 1330 frugum
2327 1234 2561 1304 homi-

438 1365 764 1437 numque
800 1341 1048 1413 fertilis
1090 1342 1259 1431 fuit,
1295 1359 1379 1415 ut
1415 1343 1797 1417 abundans
1833 1343 2224 1414 multitudo
2262 1344 2383 1412 vix
2416 1344 2563 1440 regi

433 1450 801 1523 videretur
832 1478 1065 1549 posse.
1105 1456 1237 1525 Hie
1264 1479 1530 1551 magno
1562 1468 1741 1525 natu
1768 1455 1922 1552 ipse
1946 1453 2095 1549 jam
2114 1507 2133 1541 ‚
2154 1433 2560 1543 ⁴exonerare

434 1577 920 1655 praegravante
972 1562 1181 1633 turba
1237 1589 1546 1660 regnum
1592 1566 1928 1662 cupienS‚
1975 1563 2426 1634 Bellovesum
2481 1584 2562 1631 ac

435 1669 851 1764 Sigovesum
869 1728 887 1760 ‚
909 1676 1175 1743 sororis
1203 1672 1391 1744 filios
1406 1730 1424 1762 ‚
1453 1677 1796 1773 impigros
1818 1676 2123 1771 juvenes
2138 1730 2156 1763 ‚
2178 1674 2561 1744 missurum

439 1802 515 1849 se
548 1804 732 1869 esse,
765 1783 839 1851 in
875 1807 1052 1879 quas
1081 1782 1179 1853 dii
1208 1783 1572 1855 dedissent
1600 1786 1913 1882 auguriis
1943 1784 2179 1872 sedeS‚
2214 1780 2558 1854 ostendit:
2613 1838 2619 1841 .

440 1905 796 1985 quantum
836 1894 972 1991 ipsi
1009 1894 1277 1965 vellent
1310 1917 1696 1963 numerum
1739 1892 2118 1963 hominum
2142 1945 2161 1974 ‚
2206 1890 2561 1975 excirent,

438 2021 534 2067 ne
573 2023 716 2094 qua
743 2025 919 2097 gens
950 2027 1193 2074 arcere
1226 2003 1690 2073 advenientes
1718 2015 1982 2098 posset.
2006 2006 2188 2069 Tum
2226 2001 2563 2095 Sigoveso

439 2110 757 2181 sortibus
795 2112 940 2190 dati
967 2124 995 2154 2
1032 2113 1372 2209 Hercynii
1408 2111 1663 2197 saltus:
1701 2110 2069 2180 Belloveso
2114 2107 2306 2176 haud
2345 2106 2566 2204 paulo

438 2216 782 2291 laetiorem
808 2223 886 2291 in
921 2222 1194 2292 Italiam
1227 2223 1413 2309 viam
1445 2219 1545 2309 dii
1581 2219 1848 2290 dabant
1877 2245 1891 2286 ε
1927 2219 2018 2305 is,
2045 2214 2246 2313 quod
2282 2216 2438 2308 ejus
2474 2238 2568 2283 ex

436 2330 723 2424 populis
771 2329 1191 2437 abundabat
1214 2329 1241 2374 ³
1263 2386 1282 2419 ‚
1320 2333 1709 2427 Bituriges,
1746 2334 2106 2400 Arvernos
2129 2382 2149 2416 ‚
2196 2330 2519 2421 Senones
2544 2378 2563 2411 ‚

1548 2487 1657 2573 bat,
1683 2518 1787 2565 scil.
1815 2514 2093 2586 Ambigat13
2118 2529 2226 2577 quae
2249 2524 2410 2560 tamen
2434 2512 2566 2579 Doe-

1546 2598 1695 2661 ringii
1721 2598 1846 2645 ratio
1876 2597 1995 2643 dura
2019 2606 2107 2643 est.
2137 2596 2197 2640 In
2222 2593 2346 2639 MSS
2367 2588 2565 2655 optimis

1544 2676 1726 2740 legitur
1744 2676 1874 2741 ejus;
1892 2676 1946 2722 in
1965 2674 2042 2722 ed.
2066 2676 2205 2722 Junt.
2230 2670 2302 2726 ei;
2323 2670 2373 2715 in
2393 2668 2563 2733 pleris-

435 2513 747 2575 spectandam
791 2531 909 2563 esse.
932 2544 1002 2553 —-
1031 2518 1161 2580 Quos
1196 2517 1306 2564 loca
1351 2517 1457 2580 ipsa

436 2588 728 2654 efferarunt,
763 2596 932 2642 confer
966 2595 1030 2642 ad
1063 2597 1174 2654 IX,
1211 2597 1300 2653 13,
1325 2612 1374 2642 ιι.
1408 2613 1456 2644 2.

434 2671 562 2719 Mox
588 2686 651 2718 ex
677 2676 880 2737 antiquo
906 2674 1127 2723 absolute
1149 2686 1198 2723 et
1218 2674 1455 2723 substant.

436 2748 623 2798 dictum
642 2767 736 2816 pro
758 2754 987 2802 omnibus
1000 2756 1078 2812 iis,
1096 2770 1206 2819 quse
1230 2757 1349 2819 ipsis
1371 2771 1456 2802 an·

434 2829 641 2895 tiquitus
662 2833 892 2880 inessent.
916 2834 1098 2881 Confer
1115 2833 1179 2880 ad
1198 2836 1426 2882 XXXIII
1441 2868 1455 2891 ‚

436 2918 502 2965 40
517 2945 531 2970 ‚
550 2929 598 2959 ιι.
631 2920 677 2968 4.

504 2987 628 3039 CAr.
644 2991 886 3038 XXXIV.
902 3006 923 3037 1
934 3024 946 3037 .
962 2994 1037 3038 De
1055 2990 1260 3038 transitu
1281 2990 1331 3036 in
1347 2992 1452 3037 Ita-

431 3068 552 3115 liam
588 3070 843 3117 Gallorum
872 3072 1041 3117 confer
1067 3069 1130 3117 ad
1161 3071 1289 3116 XXI
1307 3103 1321 3126 ,
1357 3070 1449 3127 38,

431 3157 481 3193 et
504 3147 680 3212 Polyb.
703 3151 777 3206 11,
800 3164 857 3208 17
884 3148 1078 3211 sq.--Ii
1095 3163 1252 3212 regem
1273 3146 1449 3193 Celtico

428 3223 644 3280 dabant,
679 3226 830 3274 scilic.
856 3228 1074 3292 popu103
1097 3225 1193 3272 nisi
1223 3225 1450 3272 Celticum

428 3302 549 3350 olim
575 3302 790 3362 dictum,
812 3317 869 3352 ut
892 3305 1127 3352 Noricum
1140 3337 1158 3360 „
1193 3303 1443 3364 Geticum,

348 3370 360 3385 ‘
427 3381 698 3445 Illyricum,
729 3384 980 3440 Celticum,
1012 3393 1104 3430 ete.
1125 3381 1269 3430 Conf.
1293 3383 1447 3430 Gron-

428 3457 576 3510 Obss.
596 3465 647 3510 II
661 3498 674 3522 ,
706 3465 733 3510 3
756 3474 879 3511 extr.
901 3490 966 3499 —
981 3461 1191 3526 Imperio
1220 3460 1322 3525 ejus
1340 3495 1357 3518 ,
1387 3474 1447 3508 eo

425 3540 694 3605 imperante
715 3576 730 3602 ,
766 3553 822 3589 ut
850 3540 1133 3606 principatu
1170 3539 1271 3605 ejus
1313 3540 1446 3605 apud

425 3620 549 3668 Plin.
564 3624 692 3682 VII,
723 3624 778 3682 33
795 3623 1002 3679 XXIX,
1025 3637 1070 3680 1;
1094 3619 1341 3669 tribunatu
1361 3638 1440 3686 ap.

425 3699 556 3747 Suet.
576 3701 699 3749 Caes.
720 3702 784 3760 V,
798 3702 949 3766 Vesp.
964 3704 1013 3749 Π
1027 3717 1042 3761 ;
1055 3700 1335 3756 consulatu,
1354 3712 1446 3748 etc.

424 3779 838 3842 —Praegravante
848 3782 1007 3838 turba,
1020 3797 1071 3829 v.
1080 3779 1143 3826 ad
1151 3780 1447 3839 XXXVIII,

425 3855 492 3902 25
505 3888 521 3913 ,
548 3873 599 3902 n.
630 3860 677 3904 5.

493 3948 541 3978 2.
578 3935 696 3980 Tum
720 3937 937 4001 Sigoveso
964 3939 1168 3986 sortibus
1189 3939 1298 3986 dati
1307 3974 1323 3996 ,
1346 3949 1442 3988 etc.

421 4011 602 4060 Confer
618 4012 680 4057 ad
699 4016 751 4072 1,
779 4015 842 4061 35
861 4050 875 4073 ‚
902 4033 952 4063 n.
976 4018 1022 4064 5.

495 4090 540 4136 3.
562 4091 636 4148 Is,
654 4091 791 4153 quod
805 4092 903 4157 ejus
923 4110 986 4142 ea·
991 4096 1187 4159 populis
1205 4095 1407 4144 abunda
1424 4123 1445 4133 ·

1548 2772 1642 2819 que
1661 2756 1771 2803 edd.
1795 2766 1916 2803 antt.
1948 2754 2014 2801 eis
2027 2769 2152 2810 ,seu
2174 2750 2231 2798 iis
2258 2765 2322 2796 ea·
2338 2746 2560 2812 populis,

1547 2835 1735 2883 scilicet
1761 2835 1846 2897 qui
1886 2849 2006 2881 mox
2041 2839 2399 2885 memorantur-3
2434 2836 2484 2874 et
2511 2827 2564 2872 in

1543 2915 1710 2962 multis
1742 2912 1888 2959 codd.
1917 2911 2053 2974 quod
2075 2926 2135 2956 ea
2155 2926 2274 2973 gens
2294 2925 2353 2972 p.
2378 2923 2428 2952 a.
2455 2904 2559 2952 scil.

1541 2992 1680 3039 Italia
1696 3026 1709 3050 ,
1734 3006 1877 3054 quam
1894 2989 2010 3036 hinc
2032 2987 2345 3036 multitudine
2364 2999 2562 3034 suorum

1541 3070 1819 3118 succinctus
1843 3068 2015 3132 petiit,
2050 3068 2185 3130 quod
2210 3066 2370 3113 arrisit
2404 3066 2561 3112 Gron.

1540 3152 1626 3214 qui
1648 3146 1790 3196 eliam
1823 3148 1952 3207 conj.
1978 3145 2116 3211 quod
2134 3157 2315 3208 septem
2340 3160 2406 3190 ex
2424 3160 2483 3206 p.
2510 3157 2560 3190 a.

1541 3228 1723 3277 Confer
1747 3238 1907 3275 tamen
1934 3241 2080 3290 supra
2105 3224 2169 3272 ad
2189 3240 2295 3288 cap.
2317 3222 2410 3279 25,
2435 3237 2485 3268 n.
2513 3220 2558 3267 5.

1540 3335 1612 3345 --
1637 3308 1764 3354 Mox
1796 3308 2032 3351 Santones
2067 3301 2395 3351 substituendi
2425 3298 2561 3346 vide-

1538 3386 1718 3433 bantur
1742 3384 1943 3447 Sigonio
1970 3399 2063 3448 pro
2086 3381 2381 3436 Senonibus,
2411 3379 2497 3442 qui
2515 3394 2559 3425 e.

1496 3460 1501 3464 ’
1539 3466 1605 3514 25
1617 3500 1632 3524 ,
1654 3462 1966 3511 recentissimi
1988 3461 2285 3509 advenarum
2315 3459 2558 3505 dicuntur.

1538 3571 1609 3581 —-
1625 3545 1774 3608 Alpes
1798 3528 1924 3589 ¹inde
1961 3540 2195 3605 opposita·
2226 3549 2367 3584 erant
2382 3571 2400 3594 ‚
2437 3551 2559 3599 quas

1539 3621 1946 3686 inexsuperabiles
1989 3619 2126 3666 ‘visas
2167 3617 2306 3665 haud
2338 3615 2561 3680 equidem

1539 3702 1702 3750 mit-br.
1719 3699 1972 3766 Apposita·
1993 3707 2136 3745 erant
2158 3699 2344 3759 Fragm.
2365 3698 2491 3742 Hav.
2512 3701 2560 3738 et

1538 3781 1703 3829 Lovel.
1723 3797 1749 3827 2
1767 3797 1795 3828 a
1814 3794 1960 3826 manu
1972 3778 2143 3841 prima.
2165 3775 2260 3824 Sed
2278 3775 2436 3822 solent
2454 3772 2559 3819 haee

1536 3860 1687 3908 verba
1714 3858 2013 3906 confundere
2041 3856 2243 3903 librarii.
2273 3852 2464 3901 Deinde
2495 3851 2561 3898 in·

1537 3937 1896 4004 exsuperabiles
1915 3936 2071 3983 minus
2088 3934 2229 3982 haud
2241 3931 2462 3997 equidem
2479 3927 2563 3977 mi·

1534 4035 1619 4065 ror
1638 4017 1777 4065 Leid.
1797 4032 1893 4065 see.
1912 4027 2145 4079 praeterea
2163 4009 2559 4076 inexpugnabiles

1536 4097 1674 4147 editt.
1703 4106 1813 4144 ante
1841 4093 2022 4143 Aldum
2038 4127 2053 4152 ‚
2080 4093 2167 4156 qui
2192 4091 2397 4141 alterum
2424 4104 2557 4138 rece-
