3000 4717
2187 338 2235 377 A.
2263 336 2310 376 e.
2338 338 2566 390 ειη-386.

490 362 628 436 238
1337 360 1415 427 T·
1482 360 1767 428 LIVII
2188 397 2243 437 u,
2264 399 2314 439 c.
2339 400 2565 440 365-366,

487 487 578 556 in-
601 485 1104 577 insequentem
1137 502 1415 552 annum
1452 477 1788 550 tribunos
1828 476 2099 550 habere
2120 530 2139 564 ,
2185 502 2504 574 quorum
2536 481 2614 552 in

487 593 907 691 mgistratu
937 604 1150 687 capta
1184 588 1378 661 Urbs
1411 603 1638 677 esset,
1673 613 1824 659 non
1857 588 2128 686 placuit
2166 615 2182 658 τ
2227 614 2343 660 res
2383 590 2475 661 ad
2514 591 2619 662 'm-

488 720 910 799 terregnum
952 699 1188 772 rediit.
1249 703 1496 790 Quum
1538 700 1788 770 civitas
1844 699 1920 768 in
1969 723 2189 796 opere
2239 724 2323 770 ac
2366 699 2617 772 labore

489 811 772 886 assiduo
799 808 1205 882 reficiendae
1233 807 1452 880 Urbis
1484 822 1888 894 teneretur,
1919 809 2208 888 interim
2234 813 2323 900 Q.
2360 809 2616 896 Fabio,

491 923 705 1000 simul
734 922 1046 1020 primum
1068 920 1486 1016 magistratu
1515 918 1689 990 abiit
1710 924 1766 1008 4,
1797 918 1886 994 ab
1912 923 1990 991 C.
2020 922 2290 994 Marcio
2319 920 2616 996 tribuno

491 1030 724 1131 plebis
757 1030 944 1100 dicta
973 1028 1126 1102 dies
1157 1043 1306 1117 est,
1343 1029 1550 1126 quod
1578 1030 1851 1126 legatus
1877 1031 1954 1100 in
1986 1030 2268 1117 GalloS,
2308 1031 2402 1103 ad
2431 1056 2616 1128 quos

490 1145 748 1216 missus
773 1153 924 1216 erat
939 1153 1225 1227 orator,
1255 1153 1510 1210 contra
1532 1140 1650 1235 jus
1681 1141 2003 1238 gentium
2032 1156 2460 1237 pugnasset3
2489 1145 2610 1216 cui

484 1253 760 1350 judicio
805 1275 974 1324 etam
1007 1275 1241 1337 mom,
1289 1250 1472 1324 adeo
1515 1265 1968 1348 opportuna,
2022 1265 2106 1323 ut
2137 1252 2617 1323 voluntariam

489 1387 752 1461 magna
806 1384 972 1459 pars
1024 1359 1387 1448 crederet,
1435 1356 1859 1431 subtraxit⁵.
1912 1365 2417 1458 Interregnum
2461 1362 2621 1431 iniit

490 1486 649 1544 tum
682 1475 757 1542 P.
792 1468 1168 1541 Cornelius
1206 1470 1444 1567 Scipio
1480 1471 1836 1558 interrex,
1873 1482 1947 1540 et
1978 1484 2141 1567 post
2170 1494 2337 1540 eum
2360 1476 2457 1541 M.
2476 1476 2618 1541 Fu-

490 1584 643 1654 rius
693 1579 1053 1650 Camillus.
1091 1583 1365 1650 Iterum
1413 1580 1474 1651 is
1522 1579 1854 1651 tribunos
1902 1579 2211 1651 militum
2262 1581 2619 1653 consulari

488 1701 842 1790 potestate
895 1702 1123 1770 creat,
1180 1692 1256 1758 L.
1277 1689 1646 1761 Valerium
1687 1689 2128 1761 Publicolam
2178 1692 2441 1761 iterum
2461 1746 2481 1780 ,
2534 1697 2608 1762 P.

490 1800 929 1898 Virginium,
967 1804 1040 1872 P.
1078 1799 1530 1890 Cornelium,
1563 1806 1645 1874 A.
1677 1801 2065 1887 Manlium,
2108 1806 2188 1872 L.
2214 1801 2570 1872 AEmilium
2595 1859 2615 1891 ,

487 1918 563 1984 L.
603 1912 1070 1983 Postumium.
1136 1912 1225 1981 Hi
1277 1935 1369 1981 ex
1415 1912 1609 1981 inter
1643 1908 1923 2009 regno⁶
1968 1936 2200 2008 quum
2259 1910 2617 2008 extemplo

487 2022 980 2120 magistratum
1012 2022 1350 2109 inissent,
1387 2021 1586 2092 nulla
1622 2020 1712 2091 de
1745 2046 1824 2092 re
1861 2022 2100 2119 prius,
2139 2045 2360 2118 quam
2392 2020 2481 2092 de
2510 2046 2619 2092 re-

486 2195 585 2254 'tem
623 2223 806 2255 annum
845 2205 1058 2253 tribunos
1097 2204 1275 2274 fiabere
1295 2223 1315 2261 ,·
1353 2203 1402 2250 in
1438 2221 1510 2252 se-

491 2298 713 2349 quentem
739 2301 921 2332 annum
951 2284 1087 2331 Leid.
1124 2300 1220 2330 sec.
1255 2283 1422 2332 Lovel.
1465 2299 1511 2343 1,

492 2380 520 2410 α
536 2397 551 2422 ,
573 2372 629 2422 4,
653 2364 681 2410 5
694 2381 708 2422 3
731 2361 915 2409 Harlei.
947 2377 1043 2409 sec.
1071 2364 1271 2426 Portug.
1296 2362 1510 2410 Haverk.

490 2452 540 2489 et
575 2441 779 2488 Hearnii
816 2440 1113 2487 Oxoniensis
1148 2440 1273 2488 liber
1309 2443 1376 2489 11.
1414 2441 1512 2489 Sed

487 2520 647 2585 prima
679 2518 865 2586 syllaba
904 2519 1040 2566 vocis
1080 2519 1403 2584 insequentem
1434 2521 1512 2568 in-

491 2598 688 2648 tercidit
713 2598 780 2645 ob
801 2613 975 2646 vocem
997 2600 1367 2663 praecedentem.
1387 2602 1515 2648 Mox

487 2694 581 2744 pro
623 2693 828 2741 quorum
875 2676 925 2723 in
965 2678 1278 2742 magistratu,
1307 2696 1514 2743 quorum

489 2757 780 2823 magistratu
804 2756 971 2804 Lovel.
998 2759 1080 2816 113
1114 2758 1289 2822 reliqui
1318 2769 1478 2806 autem
1495 2796 1511 2820 ,

487 2848 541 2886 et
570 2836 700 2902 inpr.
734 2838 858 2902 Reg.
887 2847 937 2884 et
964 2837 1265 2885 Sorbonicus
1288 2849 1512 2886 nostrum

491 2928 707 2968 tuentur.
728 2917 819 2965 En.

562 3003 610 3052 4.
640 2995 796 3041 Simul
824 2992 993 3059 (simul
1015 2992 1100 3058 ac)
1115 2994 1330 3060 primum
1355 2994 1510 3060 magi-

486 3086 645 3123 stratu
663 3073 802 3130 abiit,
813 3084 869 3120 ut
880 3073 1101 3131 XXXV,
1112 3081 1206 3133 443
1224 3086 1273 3122 et
1288 3074 1434 3121 simul
1449 3090 1511 3120 ae

482 3154 697 3219 primum
720 3152 852 3216 apud
873 3152 1030 3200 Cicer.
1045 3154 1187 3199 Verr.
1214 3155 1326 3200 Act.
1354 3155 1405 3200 ΙΙ
1421 3188 1435 3212 ,
1464 3168 1509 3211 1,

494 3234 585 3294 133
624 3243 673 3279 et
706 3230 832 3278 Phil.
867 3232 967 3287 IV,
1009 3247 1030 3276 1
1056 3246 1072 3292 ;
1098 3230 1274 3294 quibus
1299 3231 1422 3278 loeis
1451 3232 1507 3283 τὸ

476 3310 694 3378 primum
708 3311 937 3370 majorem
958 3309 1177 3373 designat
1189 3309 1510 3370 celeritatem,

487 3392 567 3439 vel
584 3390 726 3455 plane
746 3388 1007 3440 delendum
1026 3398 1100 3434 est
1120 3398 1170 3434 et
1191 3387 1400 3436 librariis
1428 3390 1509 3437 de·

484 3471 646 3527 betur,
669 3468 755 3531 qui
770 3466 950 3532 passim
961 3500 976 3524 ,
996 3464 1082 3512 ubi
1100 3465 1246 3514 simul
1257 3483 1352 3531 pro
1366 3468 1513 3516 simul

484 3566 548 3600 ac
565 3548 783 3615 positum
796 3556 870 3592 est
884 3579 899 3603 ,
920 3544 1093 3592 similia
1114 3544 1372 3608 addidere,
1392 3565 1441 3598 v.
1461 3564 1506 3597 c.

489 3628 573 3677 ubi
595 3628 687 3685 IV,
722 3627 811 3684 183
838 3634 894 3670 ut
919 3626 984 3682 V,
1020 3623 1121 3683 253
1159 3641 1247 3683 ac,
1280 3626 1344 3683 si,
1372 3640 1508 3691 post-

488 3724 668 3773 quam,
706 3717 800 3755 ete.
836 3703 1021 3754 Confer
1046 3703 1108 3750 ad
1134 3706 1236 3764 ΙΙΙ,
1261 3704 1323 3752 62
1340 3740 1354 3764 ,
1376 3722 1425 3753 n.
1456 3714 1503 3761 4.

485 3814 556 3822 —
577 3788 652 3833 De
684 3785 740 3846 Q.
766 3781 918 3832 Fabio
942 3781 1056 3844 vide
1083 3784 1148 3840 V,
1178 3783 1262 3843 35,
1287 3785 1369 3832 36.
1393 3786 1506 3834 Duo

486 3865 588 3925 ejus
611 3863 782 3910 fratres
808 3861 1027 3909 eamdem
1059 3861 1112 3908 in
1138 3878 1189 3909 se
1215 3862 1509 3911 admiserant

485 3942 707 4005 culpam,
730 3940 867 4003 qnod
897 3951 1060 3990 tamen
1089 3942 1241 3989 Gallis
1271 3958 1374 3990 non
1406 3953 1505 3990 tam

485 4018 793 4066 manifestum
815 4018 1000 4067 fuerat:
1030 4030 1079 4066 et
1099 4019 1183 4066 ille
1207 4020 1339 4068 caede
1366 4022 1506 4069 ducis

485 4095 699 4145 bostium
745 4110 828 4141 eos
871 4097 1078 4143 maxime
1120 4099 1501 4148 exacerbaverat.

1599 2207 1836 2253 Praeterea
1855 2204 2073 2253 Marcius
2089 2221 2236 2270 poena
2250 2205 2393 2252 unius
2413 2221 2440 2252 e
2460 2205 2621 2253 Fabiis

1600 2295 1859 2332 contentus
1884 2284 2032 2332 fuisse
2058 2285 2266 2332 videtur.

1673 2363 1720 2411 5.
1740 2362 1933 2411 Iudicio
1952 2380 2059 2410 eum
2078 2379 2230 2420 mors,
2254 2362 2379 2410 adeo
2398 2373 2619 2426 opportu-

1598 2459 1692 2499 na,
1712 2453 1764 2489 ut
1781 2442 2120 2490 voltmtariam
2136 2458 2445 2507 magnapars
2460 2441 2619 2488 crede-

1601 2533 1702 2578 ret,
1727 2521 1974 2569 subtraxit
1989 2539 2008 2568 .·
2033 2521 2163 2568 conf.
2182 2522 2310 2568 Plin.
2329 2522 2420 2585 Ep.
2435 2522 2510 2579 ΙΙ,
2536 2535 2557 2566 1
2570 2535 2614 2577 1,

1580 2612 1650 2654 ,et
1676 2601 1792 2649 Tac.
1817 2602 1949 2647 Ann.
1967 2601 2058 2659 IV,
2080 2615 2164 2658 αι,
2190 2616 2241 2647 n.
2269 2600 2613 2646 5.—Interre·

1596 2696 1749 2745 gnum
1768 2679 1877 2727 iniit
1897 2690 1997 2725 tum
2019 2677 2107 2744 (ut
2124 2678 2177 2725 in
2198 2679 2428 2726 omnibus
2444 2677 2618 2740 legitur

1599 2760 1724 2807 MSS
1748 2770 1797 2806 et
1818 2768 1941 2806 antt.
1958 2756 2106 2822 edd.)
2123 2759 2181 2803 Ρ.
2200 2757 2445 2805 Cornelius
2460 2755 2615 2820 Scipio

1600 2838 1844 2894 interrex,
1874 2853 1983 2900 quae
2003 2852 2103 2884 vox
2122 2837 2248 2884 forte
2271 2836 2488 2884 delenda.
2510 2835 2616 2900 (Cf.

1598 2928 1760 2966 tamen
1778 2917 1843 2965 ad
1863 2919 1914 2974 1,
1937 2916 1993 2973 3,
2018 2932 2069 2963 n.
2093 2913 2161 2979 8.)
2182 2915 2496 2964 Recentiores
2515 2914 2616 2961 edi·

1597 3007 1729 3045 tores
1742 2995 2034 3043 substituere
2052 2996 2412 3060 :Inter-regnum
2430 2993 2615 3041 initum.

1597 3078 1654 3123 P.
1677 3074 1922 3124 Cornelius
1943 3074 2102 3139 Scipio
2125 3074 2341 3121 interrex
2366 3071 2449 3138 (ut
2466 3074 2615 3131 VIII,

1601 3156 1656 3212 ὃς
1682 3165 1731 3201 et
1748 3156 1826 3212 X,
1859 3168 1879 3199 1
1894 3168 1914 3199 1
1932 3170 1948 3209 ς
1970 3153 2168 3214 sedjam
2185 3153 2335 3218 paulo
2353 3164 2463 3201 ante
2486 3151 2618 3199 dlxe-

1597 3244 1671 3304 rat
1689 3233 1878 3282 Livius:
1899 3249 1973 3279 res
1992 3233 2066 3280 ad
2082 3233 2404 3298 interregnum
2422 3229 2615 3295 rediit),

1597 3323 1772 3376 etpost
1788 3327 1896 3358 eum
1912 3313 1980 3357 M.
1995 3310 2166 3358 Furius
2183 3312 2411 3360 Camillus
2430 3311 2614 3359 iterum.

1595 3394 1646 3439 Is
1666 3391 1906 3446 tribunos,
1931 3402 2022 3437 etc.
2048 3389 2143 3437 Sed
2161 3407 2409 3454 nunquam
2431 3404 2614 3437 memo-

1595 3481 1744 3528 ratur,
1761 3470 1954 3533 quoties
1979 3455 2156 3532 aliquis
2180 3469 2616 3517 extroardinarium

1594 3550 1794 3614 gesserit
1819 3550 2173 3613 magistratum,
2200 3559 2250 3595 et
2275 3548 2505 3597 Camillus
2514 3549 2615 3608 jam

1592 3628 1671 3676 bis
1704 3629 1864 3677 fuerat
1890 3627 2130 3685 interrex,
2161 3638 2210 3674 at
2247 3627 2393 3676 semel
2430 3638 2616 3674 tantum

1593 3708 1809 3755 interrex
1839 3707 2063 3754 tribunos
2099 3705 2307 3753 militnm
2343 3717 2614 3766 creaverat3

1595 3786 1708 3834 vide
1727 3787 1793 3846 V,
1826 3802 1882 3846 17
1912 3796 1960 3832 et
1993 3785 2072 3832 31.
2096 3785 2227 3832 Hine
2255 3800 2367 3832 cnm
2395 3784 2613 3833 struthio

1594 3865 2039 3930 interpunctionem
2058 3863 2268 3923 mutavi,
2286 3875 2341 3911 ut
2361 3864 2532 3911 iterum
2548 3879 2617 3911 re-

1592 3944 1774 3992 feratur
1793 3943 1856 3991 ad
1872 3954 2021 3990 creat.

1666 4024 1714 4071 6.
1737 4024 1819 4069 Ex
1837 4022 2133 4085 interregno,
2158 4020 2321 4068 statim
2333 4032 2449 4085 post
2465 4022 2614 4070 inter-

1595 4117 1800 4164 regnum
1829 4110 2076 4156 cur-tum,
2101 4098 2326 4162 adeoque
2357 4112 2618 4165 postquam
