3000 4717
533 387 666 458 502
1379 387 1457 454 T.
1524 387 1629 454 LI
1643 387 1705 453 V
1719 386 1753 452 I
1766 386 1800 452 I
2032 381 2043 394 ⁰
2352 395 2408 467 ti.
2432 394 2480 469 c:
2508 397 2605 477 43οῘ

497 536 612 596 ,ne
639 508 829 606 quid
852 508 946 579 de
972 506 1247 604 collega
1276 532 1479 579 secus
1500 504 1782 604 populo
1818 519 1952 574 aut
1976 512 2260 576 senatui
2281 510 2612 581 scriberet
2628 541 2657 599 ,-

521 620 681 704 sed,
713 644 939 717 quum
972 626 1376 705 revertisset,
1402 623 1854 716 potissimum
1881 640 1978 686 ex
2005 616 2298 689 tribunis
2328 620 2658 691 consula·

519 730 716 800 ribus
752 728 1088 799 habuisse
1108 784 1129 815 ‚
1174 754 1387 827 quem
1434 753 1528 798 ex
1569 725 1890 820 collegis,
1941 731 2229 823 optione
2266 728 2362 797 ab
2392 746 2657 802 senatu

524 839 736 926 data,
773 845 1048 910 socium
1071 840 1227 911 sibi
1256 845 1539 937 imperii
1568 836 1924 934 delegen't.
1966 843 2170 911 Nam
2191 839 2460 937 populi
2487 849 2654 937 qui-

520 949 687 1020 dem
705 1003 723 1034 ‚
763 975 989 1046 penes
1021 975 1235 1048 quem
1267 965 1587 1047 potestas
1632 954 1952 1018 omnium
2004 972 2247 1040 rerum
2296 967 2510 1038 esset,
2557 978 2655 1023 ne

515 1065 698 1129 iram
751 1061 1041 1157 quidem
1087 1084 1417 1157 unquam
1463 1063 1892 1129 atrociorem
1910 1060 2160 1149 fuisse
2202 1067 2278 1130 in
2320 1085 2443 1132 eos
2456 1115 2477 1147 ,
2521 1069 2657 1158 qui

511 1176 904 1241 temeritate
927 1185 1149 1269 atque
1176 1177 1449 1241 inscitia
1477 1176 1827 1241 exercitus
1854 1175 2251 1243 amisissent
2266 1226 2287 1257 ‚
2318 1198 2541 1267 quam
2565 1189 2655 1245 ut

498 1288 824 1375 pecunia
874 1306 999 1354 eos
1048 1281 1442 1353 mulctaret.
1527 1283 1775 1378 Capite
1828 1287 2270 1378 anquisitum
2335 1282 2433 1354 ob
2493 1308 2640 1353 rem

512 1389 701 1461 bello
735 1391 929 1462 male
951 1408 1224 1490 gestam
1269 1393 1361 1464 de
1392 1401 1826 1490 imperatore
1861 1392 2063 1464 nullo
2102 1394 2209 1463 ad
2248 1418 2409 1464 eam
2450 1394 2640 1464 diem

508 1525 678 1573 esse.
709 1508 929 1576 Nunc
954 1504 1258 1575 ducibus
1276 1504 1545 1603 populi
1568 1509 1891 1593 romani,
1922 1527 2094 1601 quoe
2127 1529 2221 1574 ne
2247 1508 2449 1575 victis
2479 1510 2638 1600 qui-

512 1611 678 1682 dem
720 1613 904 1685 bello
919 1617 1060 1706 fas
1079 1617 1351 1706 ficerat,
1398 1621 1652 1712 virgas
1697 1630 1767 1685 et
1807 1637 2086 1685 secures
2134 1611 2524 1683 victoribus
2574 1627 2644 1683 et

491 1719 930 1809 justissimos
989 1729 1251 1794 meritis
1309 1724 1710 1821 triumphos
1771 1727 2122 1794 intentari.
2189 1722 2393 1815 Quid
2454 1729 2641 1822 enim

507 1829 798 1901 tandem
842 1859 1227 1930 passurum
1261 1835 1501 1927 fuisse
1529 1834 1789 1929 filium
1839 1860 2049 1905 suum
2065 1886 2087 1919 ,
2140 1837 2205 1903 si
2249 1838 2639 1903 exercitum

509 1946 861 2014 amisisset
881 1971 901 2012 .·
952 1951 1021 2017 si
1039 1947 1295 2035 fusus,
1320 1949 1632 2043 fugatus
1647 2000 1668 2032 ,
1721 1952 1970 2018 castris
2020 1960 2283 2015 exutus
2313 1945 2585 2037 fuisset
2601 1943 2639 2010 ἰ)

514 2055 678 2140 Ouo
745 2054 936 2125 ultra
1006 2063 1193 2127 iram
1256 2057 1831 2154 violentiamque
1892 2057 2048 2151 ejus
2080 2067 2143 2099 ¹⁰
2193 2078 2640 2126 excessuram

481 2163 761 2252 fuisse,
802 2192 1028 2263 quam
1070 2184 1149 2238 ut
1182 2168 1605 2238 verberaret
1637 2182 2067 2263 necaretque
2087 2167 2126 2234 P
2173 2168 2415 2257 Quam
2459 2171 2632 2232 co'n-

510 2279 797 2345 veniens
828 2301 977 2348 esse
991 2331 1012 2362 ‚
1044 2294 1343 2375 propter
1375 2282 1462 2368 Q.
1496 2277 1810 2347 Fabium
1846 2281 2196 2347 civitatem
2233 2279 2303 2341 in
2345 2272 2589 2342 ltetitia
2602 2326 2627 2360 ‚
2719 2369 2727 2376 ἢ

503 2389 808 2454 victoria
829 2439 849 2469 ,
916 2387 1559 2484 supplicationibus
1622 2411 1714 2456 ac
1769 2382 2377 2483 gratulationibus
2441 2405 2589 2452 esse
2612 2408 2634 2450 .·

503 2515 665 2560 eum
681 2545 702 2577 ,
735 2514 1046 2591 propter
1080 2519 1293 2592 quem
1337 2497 1553 2566 deum
1597 2494 1908 2567 delubra
1938 2508 2285 2593 pateant,
2331 2516 2484 2563 arae
2515 2516 2636 2563 sa-

504 2602 1132 2694 erficcissument,
1178 2605 1486 2690 honore,
1535 2604 1743 2677 donis
1785 2605 2352 2687 cumulentur¹¹‚
2399 2601 2632 2671 nuda-

505 2728 656 2780 tum
701 2719 917 2811 virgis
957 2716 1270 2787 lacerari
1313 2723 1387 2786 in
1434 2732 1815 2814 conspectu
1834 2714 2113 2822 populi
2147 2716 2477 2798 romani,·
2521 2717 2633 2780 in-

500 2834 810 2894 tuentem
801 2815 1267 2930 Capitolium
1286 2843 1506 2925 atque
1526 2851 1794 2912 arcem,
1817 2827 2131 2921 deosque
2143 2822 2243 2892 ab
2259 2845 2335 2892 se
2351 2818 2633 2890 duobus
2718 2880 2731 2890 .

429 2995 438 3006 x
498 3035 591 3073 etc.
610 3028 724 3075 vide
743 3031 817 3076 111
829 3063 844 3087 ‚
864 3045 950 3093 ²9·
966 3058 1036 3067 -
1048 3031 1207 3093 Quum
1228 3030 1515 3089 revertisset,
1599 3029 1780 3095 populi
1790 3028 2009 3092 quidem,
2028 3038 2123 3076 etc.
2140 3028 2204 3075 ef.
2221 3030 2313 3086 IV,
2328 3035 2410 3083 41,
2423 3033 2486 3082 44
2505 3034 2554 3072 et
2566 3024 2630 3071 al..

484 3105 793 3168 potissimum
829 3124 894 3155 ex
938 3109 1140 3157 tribunis
1188 3110 1519 3158 consularibus
1685 3124 1763 3155 10.
1796 3107 1901 3169 Quo
1937 3107 2067 3154 ultra
2106 3106 2232 3153 iram
2245 3140 2257 3151 .
2273 3142 2285 3154 .
2304 3140 2316 3152 .
2328 3120 2631 3153 excessuram

492 3182 739 3241 habuisse,
762 3202 904 3250 quem
922 3204 987 3235 ex
1004 3188 1223 3253 collegis,
1246 3188 1518 3252 optioneab
1591 3187 1782 3253 juisse,
1807 3185 1924 3233 vide
1947 3185 2012 3233 ad
2035 3188 2110 3233 111
2127 3219 2142 3243 ‚
2169 3194 2229 3240 41
2248 3218 2264 3242 ‚
2286 3200 2337 3233 n.
2363 3186 2412 3231 6.

490 3274 662 3310 senatu
682 3264 804 3312 data
817 3299 834 3322 ‚
860 3265 1046 3313 socium
1066 3266 1159 3313 sibi
1175 3265 1366 3331 imperii
1388 3267 1516 3314 dele-
1681 3282 1703 3313 1
1717 3282 1760 3314 1.
1779 3268 1899 3313 Ara·
1915 3263 2395 3332 sacrficiufitment,
2419 3262 2625 3319 honore,

487 3341 630 3405 gerit·
662 3342 743 3402 Δίς
778 3345 929 3397 ταύτὸ
953 3348 1080 3396 dixit
1112 3359 1306 3407 orator,
1333 3348 1376 3397 si
1401 3366 1515 3397 vere
1605 3344 1746 3393 donis
1772 3345 2090 3400 cumulentur,
2119 3342 2351 3407 gradeor
2364 3354 2413 3390 et
2436 3338 2629 3406 poetica

487 3419 556 3467 ita
572 3421 748 3470 editur.
772 3424 1022 3487 Siquidem
1041 3423 1224 3471 tribuni
1238 3426 1516 3473 consulares
1605 3425 1782 3482 oratio,
1795 3423 2011 3483 affectui,
2025 3433 2072 3471 et
2091 3422 2160 3469 rei
2178 3433 2290 3486 apte
2308 3420 2472 3468 verbis
2487 3434 2630 3484 exag-

486 3497 639 3547 iidem
666 3513 805 3561 sunt,
833 3503 918 3566 qui
939 3503 1141 3567 collega
1160 3504 1368 3552 Camilli.
1389 3505 1518 3552 Lati-
1605 3501 1829 3565 gerandae
1843 3511 2181 3549 consentanea.
2197 3501 2393 3555 Honos,
2409 3509 2466 3546 ut
2480 3497 2601 3566 τιμὴ
2615 3529 2633 3557 ,

489 3579 615 3626 nitas
662 3596 858 3644 quoque
896 3581 1039 3629 aliam
1087 3582 1349 3630 verborum
1394 3599 1515 3630 oon·
1603 3580 1764 3644 poetis
1789 3580 1971 3628 dieitur
1998 3595 2142 3626 omne
2167 3577 2245 3636 id,
2269 3577 2406 3641 quod
2429 3577 2482 3624 in
2509 3574 2631 3623 deo-

482 3656 792 3715 junctionem
804 3659 974 3708 suadet
990 3677 1004 3720 3
1025 3661 1315 3724 requirimus
1328 3660 1517 3725 aliquid
1602 3674 1711 3705 rum
1730 3656 1787 3706 fit
1805 3658 2048 3706 honorem
2065 3658 2222 3720 iisque
2241 3657 2470 3715 offertur,
2487 3656 2630 3703 sacri·

489 3734 562 3781 ad>
584 3737 780 3801 optione
806 3738 944 3785 daea.
967 3740 1136 3787 Scribe
1162 3754 1175 3789 τ
1205 3740 1513 3805 potissimum
1601 3737 1799 3796 ficium,
1822 3737 2021 3797 libatio,
2048 3736 2148 3793 vel,
2179 3747 2234 3784 ut
2252 3738 2458 3793 XXIII,
2483 3752 2504 3781 ι
2519 3751 2560 3794 1,
2576 3750 2627 3783 n.

486 3827 550 3859 ea·
559 3818 759 3865 tribunis
771 3819 1103 3866 consularibus
1112 3818 1338 3866 habuisse
1349 3836 1508 3884 quem,
1602 3820 1634 3866 6
1646 3852 1661 3877 ‚
1681 3817 2117 3866 doum—Duobus
2124 3815 2331 3880 prteliis.
2349 3817 2503 3878 Supra
2520 3831 2625 3879 cap.

484 3905 548 3938 ex
586 3897 780 3962 collegis
819 3897 1014 3962 optione
1052 3899 1116 3945 ab
1152 3910 1323 3945 senatu
1351 3898 1475 3946 daea
1487 3934 1506 3956 ,
1600 3899 1694 3959 30,
1719 3898 1963 3962 potiorem
1983 3895 2211 3943 habuisse
2239 3894 2436 3941 videtur
2460 3892 2625 3940 Livius

481 3971 691 4032 socium,
732 3987 826 4024 etc.
855 3988 903 4023 et
928 3977 997 4025 ita
1021 3976 1274 4026 Walchius
1301 3978 1506 4026 Emend.
1597 3975 1747 4025 fidem
1768 3994 1937 4026 eorum
1955 3986 2235 4033 auctorum,
2256 3975 2338 4036 qui
2361 3973 2509 4021 semel
2525 3983 2625 4020 tan-

478 4048 669 4099 Livian.
688 4070 798 4117 pag.
824 4071 944 4116 120,
972 4058 1052 4104 cui
1073 4074 1188 4105 sane
1211 4058 1506 4106 accedimus.
1597 4068 1702 4105 tum
1726 4069 1968 4121 pugnasse
1995 4055 2196 4102 Fabium
2223 4053 2495 4110 tradider03
2532 4048 2621 4097 sed

479 4130 569 4177 En.
594 4158 663 4166 -—-
689 4132 819 4177 Nam
844 4132 986 4196 (vide
1015 4136 1074 4182 ad
1099 4139 1198 4195 ΙΙΙ,
1241 4138 1335 4198 39,
1364 4153 1415 4186 ιι.
1447 4134 1510 4199 8)
1597 4135 1680 4183 hio
1716 4136 2000 4200 loquentem
2030 4134 2222 4182 inducit
2259 4144 2448 4197 patrem
2473 4145 2536 4177 ex
2567 4145 2619 4177 ea
