3000 4717
462 342 510 381 A.
537 339 583 378 C.
611 340 702 393 375.

461 400 702 455 ¹1·C-³77·
751 360 1052 431 LIBER
1101 364 1231 431 VI.
1286 363 1497 430 CAP.
1553 361 1847 432 XXXI.
1900 367 2236 434 XXXII.
2365 363 2494 437 301

408 482 718 553 delcetui
747 500 952 572 esset3
997 484 1228 553 donec
1272 481 1721 555 conditiones
1757 486 2106 583 impositae
2138 488 2499 579 Patribus,

401 618 502 663 ne
537 594 734 689 quiS‚
788 594 1015 689 quoad
1055 592 1397 665 bellatum
1432 608 1650 683 esset,
1701 593 2056 667 tributum
2094 595 2330 688 daret,
2378 616 2501 670 aut

401 702 521 798 jus
558 703 649 774 de
691 706 986 801 pecunia
1034 701 1300 775 credita
1355 703 1642 776 diceret.
1698 711 1802 777 Eo
1849 707 2258 778 laxamento
2306 709 2501 806 plebi

405 828 695 910 sumpto
712 868 731 902 ‚
761 838 959 885 mora
979 814 1279 887 delectui
1306 840 1456 886 non
1483 831 1589 887 est
1610 815 1813 887 facta.
1841 813 2278 914 Legionibus
2297 818 2503 887 novis

407 926 719 1021 scriptiS‚
758 926 1056 1023 placuit,
1090 926 1268 995 duos
1291 928 1642 997 exercitus
1672 928 1749 997 in
1778 952 2029 1025 agrum
2060 926 2382 996 volscum
2413 926 2506 997 le·

406 1036 742 1137 gionibus
766 1038 1005 1108 divisis
1033 1036 1215 1108 duci.
1237 1043 1349 1136 Sp.
1374 1041 1654 1125 FuriuS,
1684 1044 1781 1111 M.
1813 1039 2149 1109 Horatius
2176 1036 2502 1109 dextror-

406 1171 525 1218 sus
566 1147 993 1217 maritimam
1037 1171 1235 1217 oram
1272 1162 1487 1246 atque
1528 1151 1826 1220 Antium
1847 1204 1866 1238 ‚
1920 1143 2015 1239 Q.
2050 1147 2387 1219 Servilius
2431 1163 2505 1221 et

404 1262 481 1328 L.
521 1259 884 1354 Geganius
909 1258 1079 1327 laeva
1105 1255 1195 1328 ad
1221 1273 1490 1331 montes
1517 1265 1842 1331 Ecetram
1867 1274 2198 1357 pergunt.
2230 1262 2504 1332 Neutra

404 1383 606 1464 parte
637 1368 859 1441 hostis
886 1369 1144 1441 obvius
1166 1368 1315 1440 fuit.
1327 1370 1702 1468 Populatio
1730 1372 1973 1465 itaque
2008 1395 2159 1439 non
2189 1369 2289 1438 illi
2312 1394 2502 1466 vagae

404 1478 682 1567 similis,
730 1505 950 1577 quam
971 1480 1275 1552 Volscus
1304 1479 1649 1552 lutrocinii
1692 1503 1934 1565 more,
1973 1476 2330 1549 discordia
2366 1478 2501 1550 ho-·

404 1588 620 1658 stium
647 1588 913 1660 fretus²
943 1604 1013 1660 et
1039 1591 1365 1659 virtutent
1392 1603 1724 1661 metuens
1742 1643 1761 1677 ,
1792 1613 1923 1685 per
1948 1586 2503 1684 trepidationem

403 1700 666 1796 raptim
710 1697 1009 1786 fecerat;
1054 1699 1177 1770 sed
1217 1698 1307 1769 ab
1347 1698 1528 1793 ‘psto
1567 1700 1883 1771 exercitu
1914 1697 2102 1792 justa
2139 1698 2243 1766 ira
2277 1695 2462 1768 facta
2483 1750 2503 1784 ‚

357 1890 366 1897 ,
404 1809 635 1905 spatio
669 1829 966 1904 quoque
1001 1810 1349 1905 temporis
1376 1811 1663 1907 gravior.
1693 1810 1982 1904 Quippe
2013 1832 2052 1878 a
2070 1807 2347 1878 Volscis
2365 1862 2384 1896 ‚
2413 1809 2503 1877 ti-

404 1917 806 2008 mentibus,
850 1944 942 1990 ne
976 1920 1263 1990 interim
1301 1922 1642 1992 exercitus
1680 1918 1772 1989 ab
1804 1922 2032 1988 Roma
2077 1918 2339 2005 exiret,
2389 1919 2504 1987 in·-

401 2030 772 2100 cursiones
822 2031 897 2099 in
946 2045 1263 2101 extrema
1318 2029 1561 2102 finium
1605 2029 1804 2100 factae
1854 2042 2056 2099 erant
2107 2055 2121 2097 :
2175 2033 2504 2099 Romano

400 2155 652 2211 contra
685 2141 900 2211 etiam
937 2142 1014 2211 in
1051 2140 1330 2212 hostico
1353 2137 1381 2183 ³
1423 2142 1743 2215 morandi
1776 2163 1984 2211 causa
2027 2153 2214 2228 erat,
2249 2153 2333 2210 ut
2366 2138 2500 2210 ho-

399 2265 580 2322 stem
622 2251 713 2321 ad
759 2266 1120 2323 certamen
1167 2249 1471 2326 eliceret.
1511 2258 1760 2348 Itaque
1779 2307 1798 2341 ,
1855 2247 2193 2321 omnibus
2238 2251 2500 2349 passim

400 2362 603 2429 tectis
631 2385 964 2457 agrorum
986 2363 1302 2458 vicisque
1330 2364 1535 2434 etiam
1564 2360 1994 2459 quibusdam
2023 2362 2320 2450 exustiS‚
2352 2387 2504 2432 non

402 2466 657 2537 arbore
706 2468 1080 2566 frugifera,
1131 2498 1281 2542 non
1316 2474 1482 2542 satis
1529 2474 1603 2542 in
1633 2496 1835 2570 spem
1873 2470 2162 2570 frugum
2200 2474 2463 2544 relictis
2481 2521 2505 2558 ‚-

402 2577 637 2665 omni,
676 2600 837 2672 quae
865 2592 1064 2647 extra
1095 2582 1363 2649 moenia
1388 2579 1556 2669 fuit,
1588 2580 1964 2653 hominum
1990 2583 2502 2681 pecudumque

399 2686 638 2785 praeda
669 2685 935 2758 abacta.
966 2692 1269 2757 Romam
1308 2690 1665 2785 utrimque
1699 2693 2050 2761 exercitus
2083 2693 2382 2765 reducti.

492 2803 784 2870 XXXII.
826 2803 1049 2868 Parvo
1082 2797 1456 2867 intervallo
1492 2798 1581 2867 ad
1625 2799 2117 2894 respirandum
2152 2800 2499 2871 debitori-

397 2907 536 2978 bus
578 2908 783 2996 dat0,
846 2922 1234 3005 postquam
1284 2907 1546 3003 quietae
1588 2931 1696 2980 res
1744 2907 1835 2979 ab
1888 2906 2218 2979 hostibus
2260 2925 2502 3001 erant,

400 3016 743 3090 celebrari
800 3019 889 3090 de
934 3020 1219 3116 integro
1255 3017 1439 3112 juris
1493 3018 1744 3108 dicti03
1801 3033 1873 3089 et
1920 3033 2202 3089 tantum
2256 3019 2504 3092 abesse

1496 3197 1644 3260 agris,
1670 3212 1755 3244 ceu
1778 3196 1901 3244 locis
1940 3194 2023 3261 (ut
2047 3197 2226 3259 passim
2263 3209 2422 3244 satum
2457 3209 2507 3247 et

1496 3274 1639 3339 sata)
1663 3277 1713 3322 in
1737 3291 1867 3340 spem
1878 3273 2083 3340 frugum
2105 3276 2294 3323 relictis.
2326 3278 2509 3325 Confer

397 3212 451 3244 n.
471 3196 518 3243 5.
536 3224 606 3232 —-
625 3197 805 3258 Quoad
825 3197 1052 3245 bellatum
1068 3208 1216 3254 esset,
1243 3213 1410 3275 quam?

397 3273 484 3321 diu
495 3274 751 3323 bellaretur
761 3309 775 3332 ,
787 3276 860 3323 vel
878 3276 1035 3324 donec
1049 3277 1227 3324 bellum
1242 3276 1412 3324 fuisset

396 3366 608 3418 gestum,
631 3354 728 3401 hoc
749 3366 820 3402 est
841 3353 1058 3413 finitum3
1086 3355 1181 3402 nisi
1206 3355 1300 3419 leg.
1328 3355 1410 3401 de-

398 3434 625 3481 bellatum
652 3450 669 3480 .·
693 3447 803 3480 nam
826 3433 1052 3480 bellacum
1069 3450 1129 3481 eo
1154 3450 1299 3481 sensu
1324 3450 1412 3498 po·

397 3513 543 3562 situm
557 3528 659 3560 csse
675 3546 689 3569 ,
708 3510 842 3574 quod
861 3513 974 3559 Ern.
990 3512 1052 3558 ad
1070 3514 1186 3560 Tac.
1204 3511 1318 3559 hist.
1333 3515 1410 3569 ΙΙ,

399 3599 465 3647 40
488 3609 563 3657 pr.
583 3590 784 3656 putabat
798 3624 812 3647 ‚
838 3589 920 3636 vix
944 3590 1246 3637 crediderim.

468 3687 516 3718 2.
535 3668 792 3717 Discordia
803 3666 1169 3731 hostiumfieeas
1180 3703 1195 3725 ,
1217 3668 1331 3715 vide
1348 3668 1411 3716 ad

397 3750 487 3809 IV,
509 3751 592 3810 37,
605 3765 653 3795 n.
666 3749 714 3794 6.
733 3774 803 3785 —
818 3746 893 3793 Ab
899 3746 1035 3811 justo
1049 3747 1263 3794 exercitu
1269 3747 1409 3812 justa

398 3827 624 3893 irafhcea
634 3826 907 3892 populatio,
924 3825 1074 3874 cnud
1085 3827 1183 3884 VI,
1207 3827 1341 3884 t3‚n.
1360 3829 1406 3874 3.

469 3908 517 3956 3.
549 3910 609 3954 In
638 3906 847 3962 hostico,
880 3921 966 3952 seu
996 3904 1193 3962 hostili,
1225 3905 1409 3953 scilicet

1498 3354 1563 3401 ad
1578 3356 1724 3413 VIII,
1754 3370 1838 3413 ια,
1862 3371 1911 3401 ιι.
1947 3369 2025 3403 11.
2048 3380 2118 3390 --
2149 3356 2212 3402 Ut
2232 3354 2413 3402 hostem
2436 3355 2509 3402 ad

1498 3446 1736 3481 certamen
1750 3434 1938 3481 eliceret
1943 3451 1962 3490 ,·
1971 3433 2187 3481 alliceret
2198 3444 2398 3481 vetustae
2409 3433 2508 3481 edi-

1497 3513 1682 3571 tiones,
1714 3528 1805 3577 pro
1839 3529 1937 3576 quo
1971 3524 2102 3560 reete
2137 3511 2292 3558 Aldus
2318 3511 2508 3560 eliceret

1496 3593 1711 3655 recepit:
1740 3591 1793 3638 id
1817 3591 1948 3638 enim
1982 3591 2034 3638 in
2066 3591 2290 3638 omnibus
2314 3591 2508 3654 scriptis

1497 3670 1846 3734 superest.Vid.
1860 3671 1949 3717 inf.
1963 3670 2049 3718 lib.
2063 3670 2190 3716 XXI
2200 3704 2214 3728 ,
2231 3669 2260 3715 5
2265 3676 2295 3724 4
2306 3702 2320 3726 ‚
2338 3669 2508 3729 XXV,

1505 3749 1845 3808 153XXXIV,
1872 3763 1959 3809 193
1981 3750 2144 3805 XLII,
2163 3749 2257 3806 643
2274 3750 2506 3797 et'Front.

1495 3829 1571 3887 11,
1598 3828 1629 3875 5
1639 3861 1653 3885 ,
1664 3837 1812 3891 parce
1827 3826 1932 3872 alia
1959 3826 2128 3873 Gallos
2149 3826 2510 3892 Germanosque

1495 3922 1557 3952 ea
1558 3904 1785 3970 factione
1803 3903 1935 3950 Casei
1950 3915 1999 3952 et
2019 3904 2229 3952 Gannici
2240 3905 2428 3953 eliceret
2443 3906 2516 3953 ad

397 4002 515 4051 agro
527 3987 727 4052 (LXIV,
746 4001 766 4031 1
779 3985 829 4049 3)
841 3995 895 4031 ut
902 3985 1022 4031 VIII
1034 4018 1049 4043 ‚
1060 3985 1123 4040 34
1137 3986 1383 4043 3XXVIII
1393 4020 1407 4043 ‚
1485 3987 1710 4049 'pugnam
1720 4002 1740 4040 ,-
1753 3993 1801 4029 et
1812 3982 1934 4029 ibid.
1948 3999 2095 4047 quum
2108 3982 2324 4034 haberet.
2335 4019 2347 4031 .
2361 4018 2374 4031 .
2390 3986 2513 4033 clas·

398 4061 494 4123 2‘4;
527 4066 704 4112 XXIX
722 4098 736 4123 ‚
781 4079 809 4111 α
838 4079 914 4128 pr.
952 4064 1032 4110 Sic
1066 4074 1116 4110 et
1131 4073 1370 4127 pacatum
1387 4093 1403 4118 ‚

1495 4078 1618 4116 sem,
1650 4074 1699 4109 ct
1724 4060 1933 4109 hostium
1959 4077 2102 4109 naves
2136 4062 2304 4110 elicere
2328 4064 2403 4112 ad
2416 4079 2509 4131 pte·

398 4142 614 4194 bellicum
624 4178 640 4201 ‚
666 4159 833 4193 cavum
846 4176 863 4199 ‚
884 4152 932 4191 et
949 4158 1067 4191 mox
1082 4158 1180 4191 non
1204 4141 1324 4190 satis
1339 4153 1407 4190 sc.
1489 4158 1644 4207 gnam
1665 4141 1829 4190 vellet.
1854 4142 1943 4189 En.
