<?xml version="1.0" encoding="UTF-8"?>
<!DOCTYPE html PUBLIC "-//W3C//DTD XHTML 1.0 Transitional//EN"
    "http://www.w3.org/TR/xhtml1/DTD/xhtml1-transitional.dtd">
<html xmlns="http://www.w3.org/1999/xhtml" xml:lang="en" lang="en">
 <head>
  <title>
</title>
<meta http-equiv="Content-Type" content="text/html;charset=utf-8" />
  <meta name='ocr-system' content='tesseract 3.04.00' />
  <meta name='ocr-capabilities' content='ocr_page ocr_carea ocr_par ocr_line ocrx_word'/>
</head>
<body>
  <div class='ocr_page' id='page_1' title='image "./titusliviuspata00unkngoog_0465.png"; bbox 0 0 3000 4717; ppageno 0'>
   <div class='ocr_carea' id='block_1_1' title="bbox 0 694 2 1412">
    <p class='ocr_par' dir='ltr' id='par_1_1' title="bbox 0 694 2 1412">
     <span class='ocr_line' id='line_1_1' title="bbox 0 694 2 1412; baseline 0 0"><span class='ocrx_word' id='word_1_1' title='bbox 0 694 2 1412; x_wconf 95' lang='lat' dir='ltr'><strong> </strong></span> 
     </span>
    </p>
   </div>
   <div class='ocr_carea' id='block_1_2' title="bbox 283 2957 1406 3024">
    <p class='ocr_par' dir='ltr' id='par_1_2' title="bbox 283 2957 1406 3024">
     <span class='ocr_line' id='line_1_2' title="bbox 283 2957 1406 3024; baseline -0.004 -16"><span class='ocrx_word' id='word_1_2' title='bbox 283 3000 288 3004; x_wconf 85' lang='lat'><strong>.</strong></span> <span class='ocrx_word' id='word_1_3' title='bbox 385 2961 609 3012; x_wconf 83' lang='lat' dir='ltr'><strong>eumdem</strong></span> <span class='ocrx_word' id='word_1_4' title='bbox 664 2977 917 3010; x_wconf 84' lang='lat' dir='ltr'><strong>numerum</strong></span> <span class='ocrx_word' id='word_1_5' title='bbox 961 2960 1210 3024; x_wconf 69' lang='lat' dir='ltr'><strong>conspirat</strong></span> <span class='ocrx_word' id='word_1_6' title='bbox 1263 2957 1406 3005; x_wconf 77' lang='lat' dir='ltr'><strong>etiam</strong></span> 
     </span>
    </p>
   </div>
   <div class='ocr_carea' id='block_1_3' title="bbox 433 385 811 437">
    <p class='ocr_par' dir='ltr' id='par_1_3' title="bbox 433 385 811 437">
     <span class='ocr_line' id='line_1_3' title="bbox 433 385 811 437; baseline -0.008 -10"><span class='ocrx_word' id='word_1_7' title='bbox 433 390 484 427; x_wconf 79' lang='lat' dir='ltr'><strong>A.</strong></span> <span class='ocrx_word' id='word_1_8' title='bbox 512 385 561 424; x_wconf 83' lang='lat' dir='ltr'><strong>C.</strong></span> <span class='ocrx_word' id='word_1_9' title='bbox 589 386 811 437; x_wconf 74' lang='lat'><strong>329—327,</strong></span> 
     </span>
    </p>
   </div>
   <div class='ocr_carea' id='block_1_4' title="bbox 431 407 2482 506">
    <p class='ocr_par' dir='ltr' id='par_1_4' title="bbox 431 407 2482 506">
     <span class='ocr_line' id='line_1_4' title="bbox 431 407 2482 506; baseline -0.003 -19"><span class='ocrx_word' id='word_1_10' title='bbox 431 446 812 494; x_wconf 43' lang='lat' dir='ltr'><strong>nean-42⁵.</strong></span> <span class='ocrx_word' id='word_1_11' title='bbox 855 407 1169 474; x_wconf 92' lang='lat' dir='ltr'>LIBER</span> <span class='ocrx_word' id='word_1_12' title='bbox 1209 409 1430 473; x_wconf 91' lang='lat' dir='ltr'><strong>VIII.</strong></span> <span class='ocrx_word' id='word_1_13' title='bbox 1483 409 1698 474; x_wconf 86' lang='lat' dir='ltr'><strong>CAP.</strong></span> <span class='ocrx_word' id='word_1_14' title='bbox 1741 411 2036 478; x_wconf 88' lang='lat' dir='ltr'><strong>XVIII.</strong></span> <span class='ocrx_word' id='word_1_15' title='bbox 2083 414 2297 481; x_wconf 89' lang='lat' dir='ltr'><strong>XIX.</strong></span> <span class='ocrx_word' id='word_1_16' title='bbox 2355 415 2482 506; x_wconf 73' lang='lat'><strong>471</strong></span> 
     </span>
    </p>
   </div>
   <div class='ocr_carea' id='block_1_5' title="bbox 375 526 2509 2723">
    <p class='ocr_par' dir='ltr' id='par_1_5' title="bbox 375 526 2503 1732">
     <span class='ocr_line' id='line_1_5' title="bbox 380 526 2497 628; baseline 0.004 -33"><span class='ocrx_word' id='word_1_17' title='bbox 380 551 606 622; x_wconf 88' lang='lat' dir='ltr'><strong>gnum</strong></span> <span class='ocrx_word' id='word_1_18' title='bbox 630 550 1014 596; x_wconf 88' lang='lat' dir='ltr'><strong>numerum</strong></span> <span class='ocrx_word' id='word_1_19' title='bbox 1042 540 1540 598; x_wconf 86' lang='lat' dir='ltr'><strong>matronarum</strong></span> <span class='ocrx_word' id='word_1_20' title='bbox 1566 526 2098 598; x_wconf 86' lang='lat' dir='ltr'><strong>indicaverunt:</strong></span> <span class='ocrx_word' id='word_1_21' title='bbox 2126 555 2214 601; x_wconf 84' lang='lat' dir='ltr'><strong>ex</strong></span> <span class='ocrx_word' id='word_1_22' title='bbox 2232 532 2497 628; x_wconf 87' lang='lat' dir='ltr'><strong>quibus</strong></span> 
     </span>
     <span class='ocr_line' id='line_1_6' title="bbox 375 635 2498 735; baseline 0.004 -30"><span class='ocrx_word' id='word_1_23' title='bbox 375 635 470 706; x_wconf 88' lang='lat' dir='ltr'><strong>ad</strong></span> <span class='ocrx_word' id='word_1_24' title='bbox 510 651 801 707; x_wconf 88' lang='lat' dir='ltr'><strong>centum</strong></span> <span class='ocrx_word' id='word_1_25' title='bbox 833 639 1279 733; x_wconf 85' lang='lat' dir='ltr'><strong>septuaginta</strong></span> <span class='ocrx_word' id='word_1_26' title='bbox 1309 636 1697 725; x_wconf 83' lang='lat' dir='ltr'><strong>damnatoe3</strong></span> <span class='ocrx_word' id='word_1_27' title='bbox 1734 663 1975 735; x_wconf 89' lang='lat' dir='ltr'><strong>neque</strong></span> <span class='ocrx_word' id='word_1_28' title='bbox 2015 638 2103 711; x_wconf 89' lang='lat' dir='ltr'><strong>de</strong></span> <span class='ocrx_word' id='word_1_29' title='bbox 2131 642 2498 715; x_wconf 84' lang='lat' dir='ltr'><strong>veneficiis</strong></span> 
     </span>
     <span class='ocr_line' id='line_1_7' title="bbox 379 746 2499 846; baseline 0.002 -27"><span class='ocrx_word' id='word_1_30' title='bbox 379 761 546 819; x_wconf 83' lang='lat' dir='ltr'><strong>ante</strong></span> <span class='ocrx_word' id='word_1_31' title='bbox 575 772 732 820; x_wconf 86' lang='lat' dir='ltr'><strong>eam</strong></span> <span class='ocrx_word' id='word_1_32' title='bbox 771 746 961 818; x_wconf 90' lang='lat' dir='ltr'><strong>diem</strong></span> <span class='ocrx_word' id='word_1_33' title='bbox 997 753 1243 819; x_wconf 86' lang='lat' dir='ltr'><strong>Romae</strong></span> <span class='ocrx_word' id='word_1_34' title='bbox 1278 751 1657 846; x_wconf 65' lang='lat' dir='ltr'><strong>quaesitum</strong></span> <span class='ocrx_word' id='word_1_35' title='bbox 1696 764 1804 819; x_wconf 89' lang='lat' dir='ltr'><strong>est</strong></span> <span class='ocrx_word' id='word_1_36' title='bbox 1826 760 1876 818; x_wconf 86' lang='lat'><strong>⁷.</strong></span> <span class='ocrx_word' id='word_1_37' title='bbox 1916 749 2229 846; x_wconf 85' lang='lat' dir='ltr'><strong>Prodigii</strong></span> <span class='ocrx_word' id='word_1_38' title='bbox 2266 777 2348 840; x_wconf 76' lang='lat' dir='ltr'><strong>ea</strong></span> <span class='ocrx_word' id='word_1_39' title='bbox 2384 778 2499 824; x_wconf 86' lang='lat' dir='ltr'><strong>res</strong></span> 
     </span>
     <span class='ocr_line' id='line_1_8' title="bbox 379 855 2498 958; baseline 0.002 -30"><span class='ocrx_word' id='word_1_40' title='bbox 379 855 543 928; x_wconf 92' lang='lat' dir='ltr'><strong>loco</strong></span> <span class='ocrx_word' id='word_1_41' title='bbox 578 856 863 946; x_wconf 83' lang='lat' dir='ltr'><strong>habita,</strong></span> <span class='ocrx_word' id='word_1_42' title='bbox 920 859 1291 957; x_wconf 89' lang='lat' dir='ltr'><strong>captisque</strong></span> <span class='ocrx_word' id='word_1_43' title='bbox 1327 862 1553 958; x_wconf 84' lang='lat' dir='ltr'><strong>magis</strong></span> <span class='ocrx_word' id='word_1_44' title='bbox 1587 857 2027 943; x_wconf 81' lang='lat' dir='ltr'><strong>mentibus⁸‚</strong></span> <span class='ocrx_word' id='word_1_45' title='bbox 2067 886 2285 956; x_wconf 89' lang='lat' dir='ltr'><strong>quam</strong></span> <span class='ocrx_word' id='word_1_46' title='bbox 2320 887 2498 933; x_wconf 83' lang='lat' dir='ltr'><strong>con—</strong></span> 
     </span>
     <span class='ocr_line' id='line_1_9' title="bbox 381 910 2501 1065; baseline 0 -27"><span class='ocrx_word' id='word_1_47' title='bbox 381 967 774 1057; x_wconf 86' lang='lat' dir='ltr'><strong>sceleratis,</strong></span> <span class='ocrx_word' id='word_1_48' title='bbox 807 910 1052 1038; x_wconf 84' lang='lat' dir='ltr'><strong>similis</strong></span> <span class='ocrx_word' id='word_1_49' title='bbox 1085 969 1270 1056; x_wconf 87' lang='lat' dir='ltr'><strong>visa;</strong></span> <span class='ocrx_word' id='word_1_50' title='bbox 1301 970 1582 1065; x_wconf 83' lang='lat' dir='ltr'><strong>itaque,</strong></span> <span class='ocrx_word' id='word_1_51' title='bbox 1613 969 1961 1064; x_wconf 81' lang='lat' dir='ltr'><strong>memoria</strong></span> <span class='ocrx_word' id='word_1_52' title='bbox 1997 992 2086 1039; x_wconf 85' lang='lat' dir='ltr'><strong>ex</strong></span> <span class='ocrx_word' id='word_1_53' title='bbox 2121 967 2501 1040; x_wconf 83' lang='lat' dir='ltr'><strong>annalibus</strong></span> 
     </span>
     <span class='ocr_line' id='line_1_10' title="bbox 378 1081 2500 1179; baseline 0.001 -28"><span class='ocrx_word' id='word_1_54' title='bbox 378 1082 723 1178; x_wconf 85' lang='lat' dir='ltr'><strong>repetita,</strong></span> <span class='ocrx_word' id='word_1_55' title='bbox 760 1083 838 1151; x_wconf 88' lang='lat' dir='ltr'><strong>in</strong></span> <span class='ocrx_word' id='word_1_56' title='bbox 867 1083 1393 1154; x_wconf 87' lang='lat' dir='ltr'><strong>secessionibus</strong></span> <span class='ocrx_word' id='word_1_57' title='bbox 1423 1083 1795 1179; x_wconf 83' lang='lat' dir='ltr'><strong>quondam</strong></span> <span class='ocrx_word' id='word_1_58' title='bbox 1831 1081 2061 1179; x_wconf 80' lang='lat' dir='ltr'><strong>plebis</strong></span> <span class='ocrx_word' id='word_1_59' title='bbox 2100 1081 2377 1154; x_wconf 84' lang='lat' dir='ltr'><strong>clavum</strong></span> <span class='ocrx_word' id='word_1_60' title='bbox 2409 1083 2500 1153; x_wconf 88' lang='lat' dir='ltr'><strong>ab</strong></span> 
     </span>
     <span class='ocr_line' id='line_1_11' title="bbox 381 1190 2503 1290; baseline 0.001 -29"><span class='ocrx_word' id='word_1_61' title='bbox 381 1190 728 1262; x_wconf 82' lang='lat' dir='ltr'><strong>dictatore</strong></span> <span class='ocrx_word' id='word_1_62' title='bbox 765 1190 1071 1280; x_wconf 80' lang='lat' dir='ltr'><strong>fixum9‚</strong></span> <span class='ocrx_word' id='word_1_63' title='bbox 1115 1193 1600 1290; x_wconf 81' lang='lat' dir='ltr'><strong>alienatasque</strong></span> <span class='ocrx_word' id='word_1_64' title='bbox 1645 1192 2001 1264; x_wconf 86' lang='lat' dir='ltr'><strong>discordia</strong></span> <span class='ocrx_word' id='word_1_65' title='bbox 2038 1208 2320 1272; x_wconf 86' lang='lat' dir='ltr'><strong>mentes</strong></span> <span class='ocrx_word' id='word_1_66' title='bbox 2362 1192 2503 1264; x_wconf 91' lang='lat' dir='ltr'><strong>ho-</strong></span> 
     </span>
     <span class='ocr_line' id='line_1_12' title="bbox 378 1301 2499 1400; baseline 0 -29"><span class='ocrx_word' id='word_1_67' title='bbox 378 1301 657 1371; x_wconf 87' lang='lat' dir='ltr'><strong>minum</strong></span> <span class='ocrx_word' id='word_1_68' title='bbox 706 1326 796 1373; x_wconf 91' lang='lat' dir='ltr'><strong>eo</strong></span> <span class='ocrx_word' id='word_1_69' title='bbox 834 1303 1116 1400; x_wconf 88' lang='lat' dir='ltr'><strong>piaculo</strong></span> <span class='ocrx_word' id='word_1_70' title='bbox 1166 1317 1543 1400; x_wconf 89' lang='lat' dir='ltr'><strong>compotes</strong></span> <span class='ocrx_word' id='word_1_71' title='bbox 1599 1305 1708 1374; x_wconf 89' lang='lat' dir='ltr'><strong>sui</strong></span> <span class='ocrx_word' id='word_1_72' title='bbox 1752 1302 2036 1392; x_wconf 84' lang='lat' dir='ltr'><strong>fecisse,</strong></span> <span class='ocrx_word' id='word_1_73' title='bbox 2077 1303 2499 1382; x_wconf 83' lang='lat' dir='ltr'><strong>dictatorem</strong></span> 
     </span>
     <span class='ocr_line' id='line_1_13' title="bbox 378 1410 2502 1511; baseline 0 -30"><span class='ocrx_word' id='word_1_74' title='bbox 378 1410 560 1481; x_wconf 90' lang='lat' dir='ltr'><strong>clavi</strong></span> <span class='ocrx_word' id='word_1_75' title='bbox 600 1411 869 1509; x_wconf 82' lang='lat' dir='ltr'><strong>figendi</strong></span> <span class='ocrx_word' id='word_1_76' title='bbox 907 1438 1117 1486; x_wconf 88' lang='lat' dir='ltr'><strong>causa</strong></span> <span class='ocrx_word' id='word_1_77' title='bbox 1153 1415 1378 1484; x_wconf 86' lang='lat' dir='ltr'><strong>creari</strong></span> <span class='ocrx_word' id='word_1_78' title='bbox 1415 1415 1687 1511; x_wconf 86' lang='lat' dir='ltr'><strong>placuit</strong></span> <span class='ocrx_word' id='word_1_79' title='bbox 1726 1440 1740 1482; x_wconf 72' lang='grc' dir='ltr'>ε</span> <span class='ocrx_word' id='word_1_80' title='bbox 1784 1423 2068 1488; x_wconf 86' lang='lat' dir='ltr'><strong>creatus</strong></span> <span class='ocrx_word' id='word_1_81' title='bbox 2098 1418 2226 1488; x_wconf 83' lang='lat' dir='ltr'><strong>Cn.</strong></span> <span class='ocrx_word' id='word_1_82' title='bbox 2271 1414 2502 1503; x_wconf 88' lang='lat' dir='ltr'><strong>Quin-</strong></span> 
     </span>
     <span class='ocr_line' id='line_1_14' title="bbox 379 1522 2502 1622; baseline 0 -31"><span class='ocrx_word' id='word_1_83' title='bbox 379 1522 574 1594; x_wconf 85' lang='lat' dir='ltr'><strong>tilius</strong></span> <span class='ocrx_word' id='word_1_84' title='bbox 630 1526 1052 1622; x_wconf 85' lang='lat' dir='ltr'><strong>magistrum</strong></span> <span class='ocrx_word' id='word_1_85' title='bbox 1106 1525 1437 1620; x_wconf 90' lang='lat' dir='ltr'><strong>equitum</strong></span> <span class='ocrx_word' id='word_1_86' title='bbox 1484 1530 1565 1596; x_wconf 92' lang='lat' dir='ltr'><strong>L.</strong></span> <span class='ocrx_word' id='word_1_87' title='bbox 1622 1524 1990 1596; x_wconf 86' lang='lat' dir='ltr'><strong>Valerium</strong></span> <span class='ocrx_word' id='word_1_88' title='bbox 2047 1523 2226 1594; x_wconf 83' lang='lat' dir='ltr'><strong>dixit</strong></span> <span class='ocrx_word' id='word_1_89' title='bbox 2265 1551 2280 1591; x_wconf 74' lang='grc' dir='ltr'><strong>ε</strong></span> <span class='ocrx_word' id='word_1_90' title='bbox 2337 1524 2502 1620; x_wconf 86' lang='lat' dir='ltr'><strong>qui,</strong></span> 
     </span>
     <span class='ocr_line' id='line_1_15' title="bbox 375 1629 1957 1732; baseline 0.003 -32"><span class='ocrx_word' id='word_1_91' title='bbox 375 1629 529 1700; x_wconf 84' lang='lat' dir='ltr'><strong>fixo</strong></span> <span class='ocrx_word' id='word_1_92' title='bbox 562 1632 803 1714; x_wconf 77' lang='lat' dir='ltr'><strong>clavo,</strong></span> <span class='ocrx_word' id='word_1_93' title='bbox 842 1636 1261 1732; x_wconf 86' lang='lat' dir='ltr'><strong>magistratu</strong></span> <span class='ocrx_word' id='word_1_94' title='bbox 1299 1660 1374 1705; x_wconf 86' lang='lat' dir='ltr'><strong>se</strong></span> <span class='ocrx_word' id='word_1_95' title='bbox 1417 1633 1957 1722; x_wconf 80' lang='lat' dir='ltr'><strong>abdicaverunt.</strong></span> 
     </span>
    </p>

    <p class='ocr_par' dir='ltr' id='par_1_6' title="bbox 377 1744 2509 2723">
     <span class='ocr_line' id='line_1_16' title="bbox 474 1744 2505 1841; baseline 0.002 -33"><span class='ocrx_word' id='word_1_96' title='bbox 474 1745 665 1812; x_wconf 89' lang='lat' dir='ltr'><strong>XIX.</strong></span> <span class='ocrx_word' id='word_1_97' title='bbox 714 1745 998 1814; x_wconf 84' lang='lat' dir='ltr'><strong>Creati1</strong></span> <span class='ocrx_word' id='word_1_98' title='bbox 1044 1746 1380 1816; x_wconf 90' lang='lat' dir='ltr'><strong>consules</strong></span> <span class='ocrx_word' id='word_1_99' title='bbox 1414 1749 1495 1814; x_wconf 92' lang='lat' dir='ltr'><strong>L.</strong></span> <span class='ocrx_word' id='word_1_100' title='bbox 1528 1746 1851 1841; x_wconf 87' lang='lat' dir='ltr'><strong>Papirius</strong></span> <span class='ocrx_word' id='word_1_101' title='bbox 1881 1747 2179 1818; x_wconf 86' lang='lat' dir='ltr'><strong>Crassus</strong></span> <span class='ocrx_word' id='word_1_102' title='bbox 2218 1744 2505 1831; x_wconf 84' lang='lat' dir='ltr'><strong>iterum,</strong></span> 
     </span>
     <span class='ocr_line' id='line_1_17' title="bbox 380 1851 2508 1952; baseline 0.002 -33"><span class='ocrx_word' id='word_1_103' title='bbox 380 1855 455 1920; x_wconf 91' lang='lat' dir='ltr'><strong>L.</strong></span> <span class='ocrx_word' id='word_1_104' title='bbox 514 1851 832 1924; x_wconf 87' lang='lat' dir='ltr'><strong>Plautius</strong></span> <span class='ocrx_word' id='word_1_105' title='bbox 886 1859 1169 1928; x_wconf 87' lang='lat' dir='ltr'><strong>Venno.</strong></span> <span class='ocrx_word' id='word_1_106' title='bbox 1225 1857 1451 1951; x_wconf 87' lang='lat' dir='ltr'><strong>Cujus</strong></span> <span class='ocrx_word' id='word_1_107' title='bbox 1505 1857 1863 1952; x_wconf 90' lang='lat' dir='ltr'><strong>principio</strong></span> <span class='ocrx_word' id='word_1_108' title='bbox 1924 1856 2096 1925; x_wconf 88' lang='lat' dir='ltr'><strong>anni.</strong></span> <span class='ocrx_word' id='word_1_109' title='bbox 2145 1854 2360 1951; x_wconf 84' lang='lat' dir='ltr'><strong>legati</strong></span> <span class='ocrx_word' id='word_1_110' title='bbox 2419 1880 2508 1932; x_wconf 82' lang='lat' dir='ltr'><strong>ex</strong></span> 
     </span>
     <span class='ocr_line' id='line_1_18' title="bbox 378 1960 2509 2052; baseline 0.001 -22"><span class='ocrx_word' id='word_1_111' title='bbox 378 1960 656 2034; x_wconf 88' lang='lat' dir='ltr'><strong>Volscis</strong></span> <span class='ocrx_word' id='word_1_112' title='bbox 687 1963 1103 2038; x_wconf 79' lang='lat' dir='ltr'><strong>Fabraterni</strong></span> <span class='ocrx_word' id='word_1_113' title='bbox 1125 1980 1197 2036; x_wconf 90' lang='lat' dir='ltr'><strong>et</strong></span> <span class='ocrx_word' id='word_1_114' title='bbox 1216 1968 1489 2038; x_wconf 86' lang='lat' dir='ltr'><strong>Lucani</strong></span> <span class='ocrx_word' id='word_1_115' title='bbox 1507 1977 1535 2007; x_wconf 75' lang='lat'>²</span> <span class='ocrx_word' id='word_1_116' title='bbox 1566 1973 1867 2052; x_wconf 82' lang='lat' dir='ltr'><strong>Romam</strong></span> <span class='ocrx_word' id='word_1_117' title='bbox 1885 1978 2279 2052; x_wconf 85' lang='lat' dir='ltr'><strong>venerunt,</strong></span> <span class='ocrx_word' id='word_1_118' title='bbox 2305 1988 2509 2034; x_wconf 89' lang='lat' dir='ltr'><strong>oran-</strong></span> 
     </span>
     <span class='ocr_line' id='line_1_19' title="bbox 377 2073 2506 2174; baseline 0 -30"><span class='ocrx_word' id='word_1_119' title='bbox 377 2085 522 2160; x_wconf 61' lang='lat' dir='ltr'><strong>tes-5</strong></span> <span class='ocrx_word' id='word_1_120' title='bbox 561 2088 646 2142; x_wconf 92' lang='lat' dir='ltr'><strong>ut</strong></span> <span class='ocrx_word' id='word_1_121' title='bbox 688 2076 764 2144; x_wconf 91' lang='lat' dir='ltr'><strong>in</strong></span> <span class='ocrx_word' id='word_1_122' title='bbox 802 2073 1020 2148; x_wconf 86' lang='lat' dir='ltr'><strong>fidem</strong></span> <span class='ocrx_word' id='word_1_123' title='bbox 1062 2079 1559 2174; x_wconf 88' lang='lat' dir='ltr'><strong>reciperentur</strong></span> <span class='ocrx_word' id='word_1_124' title='bbox 1572 2104 1594 2166; x_wconf 51' lang='lat'><strong>¹;</strong></span> <span class='ocrx_word' id='word_1_125' title='bbox 1637 2078 1695 2147; x_wconf 89' lang='lat' dir='ltr'><strong>si</strong></span> <span class='ocrx_word' id='word_1_126' title='bbox 1731 2102 1772 2148; x_wconf 87' lang='grc'><strong>3</strong></span> <span class='ocrx_word' id='word_1_127' title='bbox 1815 2076 2245 2146; x_wconf 89' lang='lat' dir='ltr'><strong>Samnitium</strong></span> <span class='ocrx_word' id='word_1_128' title='bbox 2289 2075 2506 2145; x_wconf 90' lang='lat' dir='ltr'><strong>armis</strong></span> 
     </span>
     <span class='ocr_line' id='line_1_20' title="bbox 379 2177 2504 2284; baseline 0.001 -32"><span class='ocrx_word' id='word_1_129' title='bbox 379 2177 656 2256; x_wconf 83' lang='lat' dir='ltr'><strong>defensi</strong></span> <span class='ocrx_word' id='word_1_130' title='bbox 682 2199 955 2272; x_wconf 86' lang='lat' dir='ltr'><strong>essent,</strong></span> <span class='ocrx_word' id='word_1_131' title='bbox 989 2209 1063 2257; x_wconf 88' lang='lat' dir='ltr'><strong>se</strong></span> <span class='ocrx_word' id='word_1_132' title='bbox 1095 2185 1230 2256; x_wconf 91' lang='lat' dir='ltr'><strong>sub</strong></span> <span class='ocrx_word' id='word_1_133' title='bbox 1261 2188 1575 2283; x_wconf 83' lang='lat' dir='ltr'><strong>imperio</strong></span> <span class='ocrx_word' id='word_1_134' title='bbox 1597 2187 1853 2284; x_wconf 90' lang='lat' dir='ltr'><strong>populi</strong></span> <span class='ocrx_word' id='word_1_135' title='bbox 1882 2186 2166 2256; x_wconf 88' lang='lat' dir='ltr'><strong>romani</strong></span> <span class='ocrx_word' id='word_1_136' title='bbox 2193 2182 2504 2256; x_wconf 81' lang='lat' dir='ltr'><strong>fideliter</strong></span> 
     </span>
     <span class='ocr_line' id='line_1_21' title="bbox 381 2289 2505 2391; baseline 0.002 -32"><span class='ocrx_word' id='word_1_137' title='bbox 381 2304 601 2386; x_wconf 85' lang='lat' dir='ltr'><strong>atque</strong></span> <span class='ocrx_word' id='word_1_138' title='bbox 634 2290 1060 2376; x_wconf 78' lang='lat' dir='ltr'><strong>obedienter</strong></span> <span class='ocrx_word' id='word_1_139' title='bbox 1098 2291 1406 2372; x_wconf 86' lang='lat' dir='ltr'><strong>futuros.</strong></span> <span class='ocrx_word' id='word_1_140' title='bbox 1443 2298 1641 2368; x_wconf 89' lang='lat' dir='ltr'><strong>Missi</strong></span> <span class='ocrx_word' id='word_1_141' title='bbox 1671 2312 1827 2376; x_wconf 88' lang='lat' dir='ltr'><strong>tum</strong></span> <span class='ocrx_word' id='word_1_142' title='bbox 1855 2289 2233 2376; x_wconf 66' lang='lat' dir='ltr'><strong>ab‘senatu</strong></span> <span class='ocrx_word' id='word_1_143' title='bbox 2269 2294 2505 2391; x_wconf 86' lang='lat' dir='ltr'><strong>legati,</strong></span> 
     </span>
     <span class='ocr_line' id='line_1_22' title="bbox 382 2397 2508 2503; baseline 0.004 -37"><span class='ocrx_word' id='word_1_144' title='bbox 382 2397 1044 2499; x_wconf 83' lang='lat' dir='ltr'><strong>denuntiatumque</strong></span> <span class='ocrx_word' id='word_1_145' title='bbox 1091 2405 1583 2491; x_wconf 87' lang='lat' dir='ltr'><strong>Samnitibus,</strong></span> <span class='ocrx_word' id='word_1_146' title='bbox 1633 2421 1715 2476; x_wconf 88' lang='lat' dir='ltr'><strong>ut</strong></span> <span class='ocrx_word' id='word_1_147' title='bbox 1760 2430 2018 2477; x_wconf 84' lang='lat' dir='ltr'><strong>eorum</strong></span> <span class='ocrx_word' id='word_1_148' title='bbox 2068 2405 2508 2503; x_wconf 88' lang='lat' dir='ltr'><strong>populorum</strong></span> 
     </span>
     <span class='ocr_line' id='line_1_23' title="bbox 381 2508 2509 2612; baseline 0.002 -33"><span class='ocrx_word' id='word_1_149' title='bbox 381 2508 651 2582; x_wconf 83' lang='lat' dir='ltr'><strong>finibus</strong></span> <span class='ocrx_word' id='word_1_150' title='bbox 677 2512 822 2582; x_wconf 86' lang='lat' dir='ltr'><strong>vim</strong></span> <span class='ocrx_word' id='word_1_151' title='bbox 853 2512 1336 2601; x_wconf 82' lang='lat' dir='ltr'><strong>abstinerent3</strong></span> <span class='ocrx_word' id='word_1_152' title='bbox 1367 2516 1738 2612; x_wconf 87' lang='lat' dir='ltr'><strong>valuitque</strong></span> <span class='ocrx_word' id='word_1_153' title='bbox 1763 2542 1843 2587; x_wconf 89' lang='lat' dir='ltr'><strong>ea</strong></span> <span class='ocrx_word' id='word_1_154' title='bbox 1867 2516 2161 2612; x_wconf 84' lang='lat' dir='ltr'><strong>legatio,</strong></span> <span class='ocrx_word' id='word_1_155' title='bbox 2187 2529 2509 2590; x_wconf 84' lang='lat' dir='ltr'><strong>nontam</strong></span> 
     </span>
     <span class='ocr_line' id='line_1_24' title="bbox 384 2619 2476 2723; baseline 0.003 -34"><span class='ocrx_word' id='word_1_156' title='bbox 384 2621 552 2715; x_wconf 87' lang='lat' dir='ltr'><strong>quia</strong></span> <span class='ocrx_word' id='word_1_157' title='bbox 563 2643 815 2716; x_wconf 91' lang='lat' dir='ltr'><strong>pacem</strong></span> <span class='ocrx_word' id='word_1_158' title='bbox 828 2619 1170 2691; x_wconf 87' lang='lat' dir='ltr'><strong>volebant</strong></span> <span class='ocrx_word' id='word_1_159' title='bbox 1192 2625 1578 2711; x_wconf 82' lang='lat' dir='ltr'><strong>Samnites,</strong></span> <span class='ocrx_word' id='word_1_160' title='bbox 1597 2650 1816 2720; x_wconf 86' lang='lat' dir='ltr'><strong>quam</strong></span> <span class='ocrx_word' id='word_1_161' title='bbox 1839 2628 2008 2721; x_wconf 88' lang='lat' dir='ltr'><strong>quia</strong></span> <span class='ocrx_word' id='word_1_162' title='bbox 2033 2626 2361 2700; x_wconf 87' lang='lat' dir='ltr'><strong>nondum</strong></span> <span class='ocrx_word' id='word_1_163' title='bbox 2380 2650 2476 2723; x_wconf 87' lang='lat' dir='ltr'><strong>pa</strong></span> 
     </span>
    </p>
   </div>
   <div class='ocr_carea' id='block_1_6' title="bbox 385 2773 2512 3028">
    <p class='ocr_par' dir='ltr' id='par_1_7' title="bbox 385 2773 2512 3028">
     <span class='ocr_line' id='line_1_25' title="bbox 385 2773 2512 2867; baseline 0.001 -18"><span class='ocrx_word' id='word_1_164' title='bbox 385 2773 492 2865; x_wconf 41' lang='lat' dir='ltr'><strong>qusae</strong></span> <span class='ocrx_word' id='word_1_165' title='bbox 520 2799 871 2849; x_wconf 84' lang='lat' dir='ltr'><strong>contenderent</strong></span> <span class='ocrx_word' id='word_1_166' title='bbox 897 2799 1008 2849; x_wconf 80' lang='lat' dir='ltr'><strong>illae.</strong></span> <span class='ocrx_word' id='word_1_167' title='bbox 1027 2826 1097 2836; x_wconf 92' lang='lat'><strong>—-</strong></span> <span class='ocrx_word' id='word_1_168' title='bbox 1121 2801 1204 2845; x_wconf 73' lang='lat' dir='ltr'><strong>Ex</strong></span> <span class='ocrx_word' id='word_1_169' title='bbox 1232 2777 1404 2863; x_wconf 68' lang='lat' dir='ltr'><strong>quibus⁸</strong></span> <span class='ocrx_word' id='word_1_170' title='bbox 1418 2795 1426 2808; x_wconf 83' lang='lat'>&#39;</span> <span class='ocrx_word' id='word_1_171' title='bbox 1491 2777 1733 2864; x_wconf 60' lang='lat' dir='ltr'><strong>compotes</strong></span> <span class='ocrx_word' id='word_1_172' title='bbox 1759 2797 2039 2867; x_wconf 72' lang='lat' dir='ltr'><strong>suificisse.</strong></span> <span class='ocrx_word' id='word_1_173' title='bbox 2078 2805 2147 2850; x_wconf 82' lang='lat' dir='ltr'><strong>Ut</strong></span> <span class='ocrx_word' id='word_1_174' title='bbox 2177 2804 2260 2850; x_wconf 83' lang='lat' dir='ltr'><strong>hic</strong></span> <span class='ocrx_word' id='word_1_175' title='bbox 2296 2806 2434 2851; x_wconf 78' lang='lat' dir='ltr'><strong>locus</strong></span> <span class='ocrx_word' id='word_1_176' title='bbox 2461 2824 2512 2852; x_wconf 82' lang='lat' dir='ltr'><strong>se</strong></span> 
     </span>
     <span class='ocr_line' id='line_1_26' title="bbox 386 2879 2510 2945; baseline 0.001 -18"><span class='ocrx_word' id='word_1_177' title='bbox 386 2880 459 2927; x_wconf 72' lang='lat' dir='ltr'><strong>ad</strong></span> <span class='ocrx_word' id='word_1_178' title='bbox 487 2893 676 2928; x_wconf 61' lang='lat' dir='ltr'><strong>contram</strong></span> <span class='ocrx_word' id='word_1_179' title='bbox 709 2879 1016 2945; x_wconf 70' lang='lat' dir='ltr'><strong>septuaginta</strong></span> <span class='ocrx_word' id='word_1_180' title='bbox 1049 2879 1312 2926; x_wconf 72' lang='lat' dir='ltr'><strong>damnatoe.</strong></span> <span class='ocrx_word' id='word_1_181' title='bbox 1345 2880 1405 2924; x_wconf 83' lang='lat' dir='ltr'><strong>In</strong></span> <span class='ocrx_word' id='word_1_182' title='bbox 1492 2879 1666 2936; x_wconf 83' lang='lat' dir='ltr'><strong>habet,</strong></span> <span class='ocrx_word' id='word_1_183' title='bbox 1691 2879 1961 2927; x_wconf 79' lang='lat' dir='ltr'><strong>redundare</strong></span> <span class='ocrx_word' id='word_1_184' title='bbox 1984 2880 2179 2927; x_wconf 83' lang='lat' dir='ltr'><strong>videtur</strong></span> <span class='ocrx_word' id='word_1_185' title='bbox 2202 2884 2255 2932; x_wconf 80' lang='grc' dir='ltr'><strong>τὸ</strong></span> <span class='ocrx_word' id='word_1_186' title='bbox 2275 2898 2370 2945; x_wconf 84' lang='lat' dir='ltr'><strong>que</strong></span> <span class='ocrx_word' id='word_1_187' title='bbox 2389 2892 2437 2929; x_wconf 88' lang='lat' dir='ltr'><strong>et</strong></span> <span class='ocrx_word' id='word_1_188' title='bbox 2454 2900 2510 2940; x_wconf 78' lang='lat' dir='ltr'><strong>eo</strong></span> 
     </span>
     <span class='ocr_line' id='line_1_27' title="bbox 1475 2956 2511 3028; baseline 0.004 -22"><span class='ocrx_word' id='word_1_189' title='bbox 1475 2956 1708 3020; x_wconf 72' lang='lat' dir='ltr'><strong>piaculo.</strong></span> <span class='ocrx_word' id='word_1_190' title='bbox 1738 2959 1788 3007; x_wconf 84' lang='lat' dir='ltr'><strong>Si</strong></span> <span class='ocrx_word' id='word_1_191' title='bbox 1808 2976 1902 3028; x_wconf 81' lang='lat' dir='ltr'><strong>pro</strong></span> <span class='ocrx_word' id='word_1_192' title='bbox 1913 2958 2093 3023; x_wconf 63' lang='lat' dir='ltr'><strong>jecisse</strong></span> <span class='ocrx_word' id='word_1_193' title='bbox 2114 2959 2245 3021; x_wconf 71' lang='lat' dir='ltr'><strong>legas</strong></span> <span class='ocrx_word' id='word_1_194' title='bbox 2253 2959 2414 3025; x_wconf 73' lang='lat' dir='ltr'><strong>ficisse</strong></span> <span class='ocrx_word' id='word_1_195' title='bbox 2441 2964 2511 3010; x_wconf 86' lang='lat' dir='ltr'><strong>sic</strong></span> 
     </span>
    </p>
   </div>
   <div class='ocr_carea' id='block_1_7' title="bbox 387 3036 2512 3101">
    <p class='ocr_par' dir='ltr' id='par_1_8' title="bbox 387 3036 2512 3101">
     <span class='ocr_line' id='line_1_28' title="bbox 387 3036 2512 3101; baseline 0 -15"><span class='ocrx_word' id='word_1_196' title='bbox 387 3041 548 3086; x_wconf 88' lang='lat' dir='ltr'><strong>Valer.</strong></span> <span class='ocrx_word' id='word_1_197' title='bbox 574 3041 778 3088; x_wconf 80' lang='lat' dir='ltr'><strong>Maxim.</strong></span> <span class='ocrx_word' id='word_1_198' title='bbox 809 3043 884 3097; x_wconf 89' lang='lat'><strong>11,</strong></span> <span class='ocrx_word' id='word_1_199' title='bbox 907 3040 956 3099; x_wconf 86' lang='lat'><strong>5,</strong></span> <span class='ocrx_word' id='word_1_200' title='bbox 981 3052 1105 3087; x_wconf 86' lang='lat' dir='ltr'><strong>extr.</strong></span> <span class='ocrx_word' id='word_1_201' title='bbox 1130 3040 1156 3086; x_wconf 80' lang='lat'>3</span> <span class='ocrx_word' id='word_1_202' title='bbox 1179 3054 1191 3086; x_wconf 91' lang='lat'><strong>:</strong></span> <span class='ocrx_word' id='word_1_203' title='bbox 1219 3059 1244 3078; x_wconf 74' lang='grc' dir='ltr'><strong>α</strong></span> <span class='ocrx_word' id='word_1_204' title='bbox 1262 3036 1407 3084; x_wconf 80' lang='lat' dir='ltr'><strong>unius</strong></span> <span class='ocrx_word' id='word_1_205' title='bbox 1495 3053 1743 3101; x_wconf 80' lang='lat' dir='ltr'><strong>expones:</strong></span> <span class='ocrx_word' id='word_1_206' title='bbox 1773 3051 1819 3086; x_wconf 86' lang='lat' dir='ltr'><strong>et</strong></span> <span class='ocrx_word' id='word_1_207' title='bbox 1846 3050 2023 3085; x_wconf 82' lang='lat' dir='ltr'><strong>mentes</strong></span> <span class='ocrx_word' id='word_1_208' title='bbox 2050 3036 2297 3084; x_wconf 78' lang='lat' dir='ltr'><strong>homimem</strong></span> <span class='ocrx_word' id='word_1_209' title='bbox 2323 3038 2512 3087; x_wconf 79' lang='lat' dir='ltr'><strong>aliena-</strong></span> 
     </span>
    </p>
   </div>
   <div class='ocr_carea' id='block_1_8' title="bbox 385 3115 1408 3183">
    <p class='ocr_par' dir='ltr' id='par_1_9' title="bbox 385 3115 1408 3183">
     <span class='ocr_line' id='line_1_29' title="bbox 385 3115 1408 3183; baseline -0.003 -19"><span class='ocrx_word' id='word_1_210' title='bbox 385 3119 575 3166; x_wconf 80' lang='lat' dir='ltr'><strong>ancillae</strong></span> <span class='ocrx_word' id='word_1_211' title='bbox 598 3119 785 3166; x_wconf 82' lang='lat' dir='ltr'><strong>indicio</strong></span> <span class='ocrx_word' id='word_1_212' title='bbox 811 3131 1072 3183; x_wconf 67' lang='lat' dir='ltr'><strong>protractae</strong></span> <span class='ocrx_word' id='word_1_213' title='bbox 1088 3154 1102 3178; x_wconf 90' lang='lat'>,</span> <span class='ocrx_word' id='word_1_214' title='bbox 1137 3133 1248 3183; x_wconf 78' lang='lat' dir='ltr'><strong>pars</strong></span> <span class='ocrx_word' id='word_1_215' title='bbox 1275 3115 1408 3180; x_wconf 84' lang='lat' dir='ltr'><strong>capi-</strong></span> 
     </span>
    </p>
   </div>
   <div class='ocr_carea' id='block_1_9' title="bbox 388 3196 1410 3261">
    <p class='ocr_par' dir='ltr' id='par_1_10' title="bbox 388 3196 1410 3261">
     <span class='ocr_line' id='line_1_30' title="bbox 388 3196 1410 3261; baseline -0.001 -15"><span class='ocrx_word' id='word_1_216' title='bbox 388 3196 473 3246; x_wconf 73' lang='lat' dir='ltr'><strong>tali</strong></span> <span class='ocrx_word' id='word_1_217' title='bbox 493 3197 683 3256; x_wconf 67' lang='lat' dir='ltr'><strong>,iudicio</strong></span> <span class='ocrx_word' id='word_1_218' title='bbox 708 3199 973 3257; x_wconf 78' lang='lat' dir='ltr'><strong>damnatae,</strong></span> <span class='ocrx_word' id='word_1_219' title='bbox 1002 3210 1195 3248; x_wconf 82' lang='lat' dir='ltr'><strong>centum</strong></span> <span class='ocrx_word' id='word_1_220' title='bbox 1222 3208 1410 3261; x_wconf 73' lang='lat' dir='ltr'><strong>septua-</strong></span> 
     </span>
    </p>
   </div>
   <div class='ocr_carea' id='block_1_10' title="bbox 381 3275 1407 4208">
    <p class='ocr_par' dir='ltr' id='par_1_11' title="bbox 390 3275 1301 3341">
     <span class='ocr_line' id='line_1_31' title="bbox 390 3275 1301 3341; baseline -0.001 -18"><span class='ocrx_word' id='word_1_221' title='bbox 390 3275 522 3338; x_wconf 71' lang='lat' dir='ltr'><strong>ginta</strong></span> <span class='ocrx_word' id='word_1_222' title='bbox 543 3291 796 3323; x_wconf 85' lang='lat' dir='ltr'><strong>numerum</strong></span> <span class='ocrx_word' id='word_1_223' title='bbox 816 3277 1190 3341; x_wconf 73' lang='lat' dir='ltr'><strong>expleverunt.»</strong></span> <span class='ocrx_word' id='word_1_224' title='bbox 1211 3278 1301 3324; x_wconf 85' lang='lat' dir='ltr'><strong>En.</strong></span> 
     </span>
    </p>

    <p class='ocr_par' dir='ltr' id='par_1_12' title="bbox 386 3353 1407 3576">
     <span class='ocr_line' id='line_1_32' title="bbox 464 3353 1407 3421; baseline 0.001 -22"><span class='ocrx_word' id='word_1_225' title='bbox 464 3370 510 3412; x_wconf 91' lang='lat'><strong>7.</strong></span> <span class='ocrx_word' id='word_1_226' title='bbox 552 3353 722 3417; x_wconf 83' lang='lat' dir='ltr'><strong>Neque</strong></span> <span class='ocrx_word' id='word_1_227' title='bbox 760 3354 822 3400; x_wconf 80' lang='lat' dir='ltr'><strong>de</strong></span> <span class='ocrx_word' id='word_1_228' title='bbox 858 3354 1104 3421; x_wconf 72' lang='lat' dir='ltr'><strong>veneficiis</strong></span> <span class='ocrx_word' id='word_1_229' title='bbox 1143 3366 1258 3401; x_wconf 79' lang='lat' dir='ltr'><strong>ante</strong></span> <span class='ocrx_word' id='word_1_230' title='bbox 1299 3370 1407 3400; x_wconf 87' lang='lat' dir='ltr'><strong>eam</strong></span> 
     </span>
     <span class='ocr_line' id='line_1_33' title="bbox 389 3431 1405 3496; baseline 0.002 -18"><span class='ocrx_word' id='word_1_231' title='bbox 389 3431 516 3479; x_wconf 78' lang='lat' dir='ltr'><strong>diem</strong></span> <span class='ocrx_word' id='word_1_232' title='bbox 552 3434 717 3479; x_wconf 80' lang='lat' dir='ltr'><strong>Romoe</strong></span> <span class='ocrx_word' id='word_1_233' title='bbox 756 3433 1008 3496; x_wconf 77' lang='lat' dir='ltr'><strong>qua-situm</strong></span> <span class='ocrx_word' id='word_1_234' title='bbox 1047 3445 1145 3490; x_wconf 81' lang='lat' dir='ltr'><strong>est,</strong></span> <span class='ocrx_word' id='word_1_235' title='bbox 1189 3434 1303 3480; x_wconf 82' lang='lat' dir='ltr'><strong>vide</strong></span> <span class='ocrx_word' id='word_1_236' title='bbox 1342 3434 1405 3480; x_wconf 88' lang='lat' dir='ltr'><strong>ad</strong></span> 
     </span>
     <span class='ocr_line' id='line_1_34' title="bbox 386 3509 948 3576; baseline -0.002 -17"><span class='ocrx_word' id='word_1_237' title='bbox 386 3513 520 3576; x_wconf 82' lang='lat' dir='ltr'><strong>Epit.</strong></span> <span class='ocrx_word' id='word_1_238' title='bbox 546 3511 773 3559; x_wconf 84' lang='lat' dir='ltr'><strong>Liv.V111</strong></span> <span class='ocrx_word' id='word_1_239' title='bbox 788 3547 802 3571; x_wconf 91' lang='lat'>,</span> <span class='ocrx_word' id='word_1_240' title='bbox 826 3528 875 3558; x_wconf 87' lang='lat' dir='ltr'><strong>n.</strong></span> <span class='ocrx_word' id='word_1_241' title='bbox 900 3509 948 3558; x_wconf 84' lang='lat'><strong>3.</strong></span> 
     </span>
    </p>

    <p class='ocr_par' dir='ltr' id='par_1_13' title="bbox 389 3589 1404 3727">
     <span class='ocr_line' id='line_1_35' title="bbox 462 3589 1404 3656; baseline 0.002 -19"><span class='ocrx_word' id='word_1_242' title='bbox 462 3591 508 3637; x_wconf 89' lang='grc'><strong>8.</strong></span> <span class='ocrx_word' id='word_1_243' title='bbox 545 3589 802 3653; x_wconf 79' lang='lat' dir='ltr'><strong>Captisque</strong></span> <span class='ocrx_word' id='word_1_244' title='bbox 822 3590 976 3656; x_wconf 80' lang='lat' dir='ltr'><strong>magis</strong></span> <span class='ocrx_word' id='word_1_245' title='bbox 997 3589 1259 3648; x_wconf 77' lang='lat' dir='ltr'><strong>mentibus,</strong></span> <span class='ocrx_word' id='word_1_246' title='bbox 1291 3591 1404 3639; x_wconf 83' lang='lat' dir='ltr'><strong>vide</strong></span> 
     </span>
     <span class='ocr_line' id='line_1_36' title="bbox 389 3668 809 3727; baseline 0.002 -13"><span class='ocrx_word' id='word_1_247' title='bbox 389 3668 452 3715; x_wconf 83' lang='lat' dir='ltr'><strong>ad</strong></span> <span class='ocrx_word' id='word_1_248' title='bbox 474 3672 545 3727; x_wconf 89' lang='lat'><strong>11,</strong></span> <span class='ocrx_word' id='word_1_249' title='bbox 572 3669 636 3716; x_wconf 81' lang='lat'><strong>36</strong></span> <span class='ocrx_word' id='word_1_250' title='bbox 654 3703 668 3726; x_wconf 87' lang='lat'><strong>,</strong></span> <span class='ocrx_word' id='word_1_251' title='bbox 688 3684 737 3716; x_wconf 87' lang='lat' dir='ltr'><strong>n.</strong></span> <span class='ocrx_word' id='word_1_252' title='bbox 763 3686 809 3727; x_wconf 81' lang='lat'><strong>7.</strong></span> 
     </span>
    </p>

    <p class='ocr_par' dir='ltr' id='par_1_14' title="bbox 381 3746 1405 4208">
     <span class='ocr_line' id='line_1_37' title="bbox 461 3746 1401 3815; baseline -0.004 -17"><span class='ocrx_word' id='word_1_253' title='bbox 461 3764 510 3811; x_wconf 76' lang='grc'><strong>9.</strong></span> <span class='ocrx_word' id='word_1_254' title='bbox 540 3747 735 3795; x_wconf 79' lang='lat' dir='ltr'><strong>Clavum</strong></span> <span class='ocrx_word' id='word_1_255' title='bbox 764 3749 829 3795; x_wconf 84' lang='lat' dir='ltr'><strong>ab</strong></span> <span class='ocrx_word' id='word_1_256' title='bbox 851 3746 1088 3795; x_wconf 76' lang='lat' dir='ltr'><strong>dictatore</strong></span> <span class='ocrx_word' id='word_1_257' title='bbox 1097 3748 1297 3815; x_wconf 75' lang='lat' dir='ltr'><strong>fiscum,</strong></span> <span class='ocrx_word' id='word_1_258' title='bbox 1338 3747 1401 3795; x_wconf 88' lang='lat' dir='ltr'><strong>cf.</strong></span> 
     </span>
     <span class='ocr_line' id='line_1_38' title="bbox 390 3824 1403 3889; baseline -0.003 -14"><span class='ocrx_word' id='word_1_259' title='bbox 390 3828 484 3875; x_wconf 84' lang='lat' dir='ltr'><strong>‘VII</strong></span> <span class='ocrx_word' id='word_1_260' title='bbox 500 3861 515 3882; x_wconf 80' lang='grc'><em>,</em></span> <span class='ocrx_word' id='word_1_261' title='bbox 539 3827 587 3873; x_wconf 83' lang='grc'><strong>3.</strong></span> <span class='ocrx_word' id='word_1_262' title='bbox 610 3824 705 3872; x_wconf 88' lang='lat' dir='ltr'><strong>Sed</strong></span> <span class='ocrx_word' id='word_1_263' title='bbox 730 3825 779 3873; x_wconf 82' lang='lat' dir='ltr'><strong>in</strong></span> <span class='ocrx_word' id='word_1_264' title='bbox 798 3825 1133 3882; x_wconf 77' lang='lat' dir='ltr'><strong>secessionibus</strong></span> <span class='ocrx_word' id='word_1_265' title='bbox 1154 3826 1403 3889; x_wconf 84' lang='lat' dir='ltr'><strong>quondam</strong></span> 
     </span>
     <span class='ocr_line' id='line_1_39' title="bbox 381 3903 1402 3970; baseline -0.003 -17"><span class='ocrx_word' id='word_1_266' title='bbox 381 3904 537 3970; x_wconf 79' lang='lat' dir='ltr'><strong>plebis</strong></span> <span class='ocrx_word' id='word_1_267' title='bbox 563 3903 616 3950; x_wconf 86' lang='lat' dir='ltr'><strong>id</strong></span> <span class='ocrx_word' id='word_1_268' title='bbox 637 3905 841 3963; x_wconf 82' lang='lat' dir='ltr'><strong>factum,</strong></span> <span class='ocrx_word' id='word_1_269' title='bbox 861 3921 951 3951; x_wconf 87' lang='lat' dir='ltr'><strong>nec</strong></span> <span class='ocrx_word' id='word_1_270' title='bbox 978 3903 1144 3952; x_wconf 82' lang='lat' dir='ltr'><strong>Livius</strong></span> <span class='ocrx_word' id='word_1_271' title='bbox 1162 3905 1214 3950; x_wconf 88' lang='lat' dir='ltr'><strong>in</strong></span> <span class='ocrx_word' id='word_1_272' title='bbox 1240 3921 1402 3951; x_wconf 81' lang='lat' dir='ltr'><strong>earum</strong></span> 
     </span>
     <span class='ocr_line' id='line_1_40' title="bbox 392 3982 1403 4048; baseline -0.002 -15"><span class='ocrx_word' id='word_1_273' title='bbox 392 3982 827 4048; x_wconf 78' lang='lat' dir='ltr'><strong>descriptionibus,</strong></span> <span class='ocrx_word' id='word_1_274' title='bbox 862 4001 952 4032; x_wconf 88' lang='lat' dir='ltr'><strong>nec</strong></span> <span class='ocrx_word' id='word_1_275' title='bbox 990 3983 1244 4048; x_wconf 78' lang='lat' dir='ltr'><strong>quisquam</strong></span> <span class='ocrx_word' id='word_1_276' title='bbox 1281 3984 1403 4031; x_wconf 83' lang='lat' dir='ltr'><strong>alius</strong></span> 
     </span>
     <span class='ocr_line' id='line_1_41' title="bbox 391 4063 1405 4127; baseline -0.002 -16"><span class='ocrx_word' id='word_1_277' title='bbox 391 4064 634 4111; x_wconf 84' lang='lat' dir='ltr'><strong>memoriae</strong></span> <span class='ocrx_word' id='word_1_278' title='bbox 676 4063 910 4127; x_wconf 75' lang='lat' dir='ltr'><strong>prodidit.</strong></span> <span class='ocrx_word' id='word_1_279' title='bbox 949 4090 1018 4100; x_wconf 88' lang='lat'><strong>—-</strong></span> <span class='ocrx_word' id='word_1_280' title='bbox 1054 4063 1405 4127; x_wconf 82' lang='lat' dir='ltr'><strong>Alienatasque</strong></span> 
     </span>
     <span class='ocr_line' id='line_1_42' title="bbox 393 4141 1400 4208; baseline 0.002 -20"><span class='ocrx_word' id='word_1_281' title='bbox 393 4142 637 4191; x_wconf 72' lang='lat' dir='ltr'><strong>discordia</strong></span> <span class='ocrx_word' id='word_1_282' title='bbox 663 4155 838 4190; x_wconf 82' lang='lat' dir='ltr'><strong>mentes</strong></span> <span class='ocrx_word' id='word_1_283' title='bbox 861 4142 1106 4190; x_wconf 74' lang='lat' dir='ltr'><strong>homimem</strong></span> <span class='ocrx_word' id='word_1_284' title='bbox 1127 4158 1182 4188; x_wconf 86' lang='lat' dir='ltr'><strong>eo</strong></span> <span class='ocrx_word' id='word_1_285' title='bbox 1197 4141 1400 4208; x_wconf 80' lang='lat' dir='ltr'><strong>piaculo</strong></span> 
     </span>
    </p>
   </div>
   <div class='ocr_carea' id='block_1_11' title="bbox 1479 3116 2516 3339">
    <p class='ocr_par' dir='ltr' id='par_1_15' title="bbox 1479 3116 2516 3339">
     <span class='ocr_line' id='line_1_43' title="bbox 1496 3116 2512 3174; baseline 0.004 -12"><span class='ocrx_word' id='word_1_286' title='bbox 1496 3127 1573 3162; x_wconf 82' lang='lat' dir='ltr'><strong>tas</strong></span> <span class='ocrx_word' id='word_1_287' title='bbox 1587 3116 1830 3164; x_wconf 78' lang='lat' dir='ltr'><strong>discordia</strong></span> <span class='ocrx_word' id='word_1_288' title='bbox 1834 3152 1850 3174; x_wconf 89' lang='lat'>,</span> <span class='ocrx_word' id='word_1_289' title='bbox 1864 3118 1914 3164; x_wconf 91' lang='lat' dir='ltr'><strong>in</strong></span> <span class='ocrx_word' id='word_1_290' title='bbox 1930 3118 2144 3164; x_wconf 84' lang='lat' dir='ltr'><strong>furorem</strong></span> <span class='ocrx_word' id='word_1_291' title='bbox 2159 3129 2208 3166; x_wconf 86' lang='lat' dir='ltr'><strong>et</strong></span> <span class='ocrx_word' id='word_1_292' title='bbox 2221 3116 2512 3166; x_wconf 82' lang='lat' dir='ltr'><strong>dementiam</strong></span> 
     </span>
     <span class='ocr_line' id='line_1_44' title="bbox 1495 3196 2516 3260; baseline 0.003 -18"><span class='ocrx_word' id='word_1_293' title='bbox 1495 3211 1660 3244; x_wconf 75' lang='lat' dir='ltr'><strong>versas</strong></span> <span class='ocrx_word' id='word_1_294' title='bbox 1688 3213 1777 3260; x_wconf 84' lang='lat' dir='ltr'><strong>per</strong></span> <span class='ocrx_word' id='word_1_295' title='bbox 1808 3196 2100 3248; x_wconf 71' lang='lat' dir='ltr'><strong>discordiam</strong></span> <span class='ocrx_word' id='word_1_296' title='bbox 2117 3230 2131 3254; x_wconf 90' lang='lat'>,</span> <span class='ocrx_word' id='word_1_297' title='bbox 2169 3208 2409 3260; x_wconf 78' lang='lat' dir='ltr'><strong>compotes</strong></span> <span class='ocrx_word' id='word_1_298' title='bbox 2439 3200 2516 3245; x_wconf 80' lang='lat' dir='ltr'><strong>sui</strong></span> 
     </span>
     <span class='ocr_line' id='line_1_45' title="bbox 1479 3274 2512 3339; baseline 0.005 -19"><span class='ocrx_word' id='word_1_299' title='bbox 1479 3274 1671 3339; x_wconf 76' lang='lat' dir='ltr'><strong>ficisse,</strong></span> <span class='ocrx_word' id='word_1_300' title='bbox 1713 3276 1815 3324; x_wconf 79' lang='lat' dir='ltr'><strong>sive</strong></span> <span class='ocrx_word' id='word_1_301' title='bbox 1853 3277 1916 3326; x_wconf 83' lang='lat' dir='ltr'><strong>ad</strong></span> <span class='ocrx_word' id='word_1_302' title='bbox 1966 3276 2221 3326; x_wconf 73' lang='lat' dir='ltr'><strong>sanitatem</strong></span> <span class='ocrx_word' id='word_1_303' title='bbox 2264 3289 2512 3325; x_wconf 76' lang='lat' dir='ltr'><strong>revocatas</strong></span> 
     </span>
    </p>
   </div>
   <div class='ocr_carea' id='block_1_12' title="bbox 1489 3355 2515 4207">
    <p class='ocr_par' dir='ltr' id='par_1_16' title="bbox 1496 3355 2512 3482">
     <span class='ocr_line' id='line_1_46' title="bbox 1496 3355 2512 3419; baseline 0.003 -20"><span class='ocrx_word' id='word_1_304' title='bbox 1496 3370 1600 3400; x_wconf 82' lang='lat' dir='ltr'><strong>esse</strong></span> <span class='ocrx_word' id='word_1_305' title='bbox 1628 3371 1684 3400; x_wconf 88' lang='lat' dir='ltr'><strong>eo</strong></span> <span class='ocrx_word' id='word_1_306' title='bbox 1700 3355 1927 3418; x_wconf 78' lang='lat' dir='ltr'><strong>piaculo,</strong></span> <span class='ocrx_word' id='word_1_307' title='bbox 1958 3372 2132 3419; x_wconf 86' lang='lat' dir='ltr'><strong>nempe</strong></span> <span class='ocrx_word' id='word_1_308' title='bbox 2155 3356 2281 3403; x_wconf 83' lang='lat' dir='ltr'><strong>clavi</strong></span> <span class='ocrx_word' id='word_1_309' title='bbox 2311 3372 2339 3403; x_wconf 84' lang='lat' dir='ltr'><strong>a</strong></span> <span class='ocrx_word' id='word_1_310' title='bbox 2366 3357 2512 3404; x_wconf 80' lang='lat' dir='ltr'><strong>dicta-</strong></span> 
     </span>
     <span class='ocr_line' id='line_1_47' title="bbox 1497 3431 1844 3482; baseline 0.006 -3"><span class='ocrx_word' id='word_1_311' title='bbox 1497 3443 1603 3479; x_wconf 83' lang='lat' dir='ltr'><strong>tore</strong></span> <span class='ocrx_word' id='word_1_312' title='bbox 1625 3431 1729 3479; x_wconf 82' lang='lat' dir='ltr'><strong>fixi.</strong></span> <span class='ocrx_word' id='word_1_313' title='bbox 1753 3434 1844 3482; x_wconf 85' lang='lat' dir='ltr'><strong>En.</strong></span> 
     </span>
    </p>

    <p class='ocr_par' dir='ltr' id='par_1_17' title="bbox 1491 3510 2508 3656">
     <span class='ocr_line' id='line_1_48' title="bbox 1565 3510 2508 3568; baseline 0.002 -9"><span class='ocrx_word' id='word_1_314' title='bbox 1565 3512 1684 3560; x_wconf 56' lang='lat' dir='ltr'><strong>Car.</strong></span> <span class='ocrx_word' id='word_1_315' title='bbox 1708 3514 1851 3559; x_wconf 83' lang='lat' dir='ltr'><strong>xlx.</strong></span> <span class='ocrx_word' id='word_1_316' title='bbox 1884 3528 1928 3559; x_wconf 91' lang='lat'><strong>1.</strong></span> <span class='ocrx_word' id='word_1_317' title='bbox 1959 3510 2123 3560; x_wconf 84' lang='lat' dir='ltr'><strong>Creati</strong></span> <span class='ocrx_word' id='word_1_318' title='bbox 2138 3513 2383 3568; x_wconf 81' lang='lat' dir='ltr'><strong>consules,</strong></span> <span class='ocrx_word' id='word_1_319' title='bbox 2417 3523 2508 3561; x_wconf 81' lang='lat' dir='ltr'><strong>etc.</strong></span> 
     </span>
     <span class='ocr_line' id='line_1_49' title="bbox 1491 3590 2066 3656; baseline 0.005 -19"><span class='ocrx_word' id='word_1_320' title='bbox 1491 3590 1606 3638; x_wconf 79' lang='lat' dir='ltr'><strong>vide</strong></span> <span class='ocrx_word' id='word_1_321' title='bbox 1627 3591 1688 3638; x_wconf 80' lang='lat' dir='ltr'><strong>ad</strong></span> <span class='ocrx_word' id='word_1_322' title='bbox 1713 3608 1819 3656; x_wconf 83' lang='lat' dir='ltr'><strong>cap.</strong></span> <span class='ocrx_word' id='word_1_323' title='bbox 1847 3608 1924 3652; x_wconf 72' lang='grc' dir='ltr'><strong>ι’),</strong></span> <span class='ocrx_word' id='word_1_324' title='bbox 1945 3609 1994 3639; x_wconf 90' lang='lat' dir='ltr'><strong>n.</strong></span> <span class='ocrx_word' id='word_1_325' title='bbox 2017 3608 2066 3641; x_wconf 83' lang='lat'><strong>2.</strong></span> 
     </span>
    </p>

    <p class='ocr_par' dir='ltr' id='par_1_18' title="bbox 1489 3661 2515 4207">
     <span class='ocr_line' id='line_1_50' title="bbox 1564 3661 2513 3735; baseline 0.001 -19"><span class='ocrx_word' id='word_1_326' title='bbox 1564 3685 1613 3717; x_wconf 79' lang='lat'><strong>2.</strong></span> <span class='ocrx_word' id='word_1_327' title='bbox 1646 3671 1818 3735; x_wconf 63' lang='lat' dir='ltr'><strong>Legati</strong></span> <span class='ocrx_word' id='word_1_328' title='bbox 1848 3688 1911 3718; x_wconf 80' lang='lat' dir='ltr'><strong>ex</strong></span> <span class='ocrx_word' id='word_1_329' title='bbox 1941 3671 2122 3719; x_wconf 82' lang='lat' dir='ltr'><strong>Volscis</strong></span> <span class='ocrx_word' id='word_1_330' title='bbox 2148 3670 2440 3717; x_wconf 79' lang='lat' dir='ltr'><strong>Fabraterni</strong></span> <span class='ocrx_word' id='word_1_331' title='bbox 2467 3661 2513 3717; x_wconf 66' lang='lat' dir='ltr'><strong>et</strong></span> 
     </span>
     <span class='ocr_line' id='line_1_51' title="bbox 1489 3747 2514 3814; baseline 0.001 -20"><span class='ocrx_word' id='word_1_332' title='bbox 1489 3747 1637 3810; x_wconf 84' lang='lat' dir='ltr'><strong>legati</strong></span> <span class='ocrx_word' id='word_1_333' title='bbox 1668 3749 1878 3806; x_wconf 81' lang='lat' dir='ltr'><strong>Lucani,</strong></span> <span class='ocrx_word' id='word_1_334' title='bbox 1911 3766 2055 3812; x_wconf 87' lang='lat' dir='ltr'><strong>quem</strong></span> <span class='ocrx_word' id='word_1_335' title='bbox 2079 3750 2320 3814; x_wconf 86' lang='lat' dir='ltr'><strong>populum</strong></span> <span class='ocrx_word' id='word_1_336' title='bbox 2350 3749 2514 3800; x_wconf 80' lang='lat' dir='ltr'><strong>Livius</strong></span> 
     </span>
     <span class='ocr_line' id='line_1_52' title="bbox 1492 3826 2513 3895; baseline 0.002 -23"><span class='ocrx_word' id='word_1_337' title='bbox 1492 3842 1599 3889; x_wconf 81' lang='lat' dir='ltr'><strong>cap.</strong></span> <span class='ocrx_word' id='word_1_338' title='bbox 1622 3826 1687 3873; x_wconf 82' lang='lat'><strong>25</strong></span> <span class='ocrx_word' id='word_1_339' title='bbox 1708 3842 1784 3890; x_wconf 90' lang='lat' dir='ltr'><strong>pr.</strong></span> <span class='ocrx_word' id='word_1_340' title='bbox 1800 3827 1941 3874; x_wconf 80' lang='lat' dir='ltr'><strong>simul</strong></span> <span class='ocrx_word' id='word_1_341' title='bbox 1964 3844 2074 3875; x_wconf 88' lang='lat' dir='ltr'><strong>cum</strong></span> <span class='ocrx_word' id='word_1_342' title='bbox 2097 3828 2275 3892; x_wconf 81' lang='lat' dir='ltr'><strong>Apulis</strong></span> <span class='ocrx_word' id='word_1_343' title='bbox 2295 3827 2513 3895; x_wconf 83' lang='lat' dir='ltr'><strong>infidem</strong></span> 
     </span>
     <span class='ocr_line' id='line_1_53' title="bbox 1491 3905 2513 3970; baseline 0.004 -20"><span class='ocrx_word' id='word_1_344' title='bbox 1491 3905 1682 3951; x_wconf 79' lang='lat' dir='ltr'><strong>venisse</strong></span> <span class='ocrx_word' id='word_1_345' title='bbox 1706 3905 1826 3953; x_wconf 86' lang='lat' dir='ltr'><strong>dicit</strong></span> <span class='ocrx_word' id='word_1_346' title='bbox 1849 3921 1862 3955; x_wconf 90' lang='lat'>:</span> <span class='ocrx_word' id='word_1_347' title='bbox 1888 3918 2089 3970; x_wconf 85' lang='lat' dir='ltr'><strong>accepto</strong></span> <span class='ocrx_word' id='word_1_348' title='bbox 2115 3906 2244 3953; x_wconf 86' lang='lat' dir='ltr'><strong>enim</strong></span> <span class='ocrx_word' id='word_1_349' title='bbox 2271 3905 2513 3955; x_wconf 84' lang='lat' dir='ltr'><strong>beneficio</strong></span> 
     </span>
     <span class='ocr_line' id='line_1_54' title="bbox 1491 3984 2515 4050; baseline 0.003 -21"><span class='ocrx_word' id='word_1_350' title='bbox 1491 4000 1579 4049; x_wconf 89' lang='lat' dir='ltr'><strong>per</strong></span> <span class='ocrx_word' id='word_1_351' title='bbox 1609 3984 1794 4047; x_wconf 80' lang='lat' dir='ltr'><strong>legatos</strong></span> <span class='ocrx_word' id='word_1_352' title='bbox 1829 3986 1882 4032; x_wconf 92' lang='lat' dir='ltr'><strong>in</strong></span> <span class='ocrx_word' id='word_1_353' title='bbox 1921 3987 2167 4033; x_wconf 86' lang='lat' dir='ltr'><strong>Samnium</strong></span> <span class='ocrx_word' id='word_1_354' title='bbox 2204 4001 2231 4032; x_wconf 88' lang='grc'><strong>3</strong></span> <span class='ocrx_word' id='word_1_355' title='bbox 2280 3988 2515 4050; x_wconf 62' lang='lat' dir='ltr'><strong>Romanis</strong></span> 
     </span>
     <span class='ocr_line' id='line_1_55' title="bbox 1491 4063 2511 4127; baseline 0.005 -18"><span class='ocrx_word' id='word_1_356' title='bbox 1491 4064 1666 4110; x_wconf 82' lang='lat' dir='ltr'><strong>missos</strong></span> <span class='ocrx_word' id='word_1_357' title='bbox 1689 4063 1816 4110; x_wconf 86' lang='lat' dir='ltr'><strong>hanc</strong></span> <span class='ocrx_word' id='word_1_358' title='bbox 1850 4064 2051 4127; x_wconf 80' lang='lat' dir='ltr'><strong>gratiam</strong></span> <span class='ocrx_word' id='word_1_359' title='bbox 2084 4063 2319 4124; x_wconf 80' lang='lat' dir='ltr'><strong>retulere3</strong></span> <span class='ocrx_word' id='word_1_360' title='bbox 2359 4068 2511 4114; x_wconf 83' lang='lat' dir='ltr'><strong>Gron.</strong></span> 
     </span>
     <span class='ocr_line' id='line_1_56' title="bbox 1492 4140 2513 4207; baseline 0.001 -19"><span class='ocrx_word' id='word_1_361' title='bbox 1492 4141 1683 4189; x_wconf 81' lang='lat' dir='ltr'><strong>Arcani</strong></span> <span class='ocrx_word' id='word_1_362' title='bbox 1710 4140 1809 4207; x_wconf 83' lang='lat' dir='ltr'><strong>pro</strong></span> <span class='ocrx_word' id='word_1_363' title='bbox 1842 4143 2030 4191; x_wconf 82' lang='lat' dir='ltr'><strong>Lucani</strong></span> <span class='ocrx_word' id='word_1_364' title='bbox 2067 4145 2199 4204; x_wconf 86' lang='lat' dir='ltr'><strong>conj.</strong></span> <span class='ocrx_word' id='word_1_365' title='bbox 2240 4144 2432 4193; x_wconf 85' lang='lat' dir='ltr'><strong>Cluver.</strong></span> <span class='ocrx_word' id='word_1_366' title='bbox 2464 4158 2513 4189; x_wconf 82' lang='lat' dir='ltr'><strong>et</strong></span> 
     </span>
    </p>
   </div>
  </div>
 </body>
</html>
