3000 4717
517 421 652 517 370
1353 422 1428 490 T.
1494 421 1766 491 len
2328 401 2451 502 ἔξ.
2476 401 2571 516 ξζξῑ

510 544 713 614 dotes
732 567 985 614 eorum
999 597 1017 630 ‚
1037 540 1312 612 facibus
1330 540 1751 612 ardentibus
1769 540 2268 637 anguibusque
2281 543 2620 639 praelatis,

511 655 792 725 incessu
829 652 1067 723 furiali
1096 650 1396 723 militem
1424 676 1807 721 romanum
1837 652 2116 722 insueta
2146 650 2624 724 turbaverunt

509 766 742 860 specie
782 791 797 832 ε
851 778 922 834 et
969 777 1143 833 tunc
1190 761 1481 859 quidem
1529 761 1726 832 velut
1771 760 2117 860 lymphati
2147 773 2175 803 ²
2218 777 2292 833 et
2337 764 2621 834 attoniti

506 874 970 944 munimentis
1007 873 1151 942 suis
1188 870 1473 969 trepido
1506 872 1792 966 *agmine
1833 872 2275 960 inciderunt3
2314 873 2617 964 deinde,

507 983 638 1053 ubi
681 983 937 1054 consul
974 977 1335 1080 legatique
1380 1006 1460 1052 ac
1508 980 1785 1051 tribuni
1830 1007 2222 1079 puerorum
2258 985 2403 1054 ritu
2440 1011 2621 1057 vana

504 1094 845 1164 miracula
891 1108 1235 1190 paventes
1282 1090 1680 1162 irridebant
1716 1092 2360 1189 increpabantque,
2406 1095 2653 1164 vertit‘

504 1206 779 1275 animos
817 1217 1119 1300 repente
1166 1201 1445 1299 pudor,
1486 1215 1557 1271 et
1600 1203 1675 1270 in
1713 1226 1795 1271 ea
1840 1202 2023 1297 ipsa,
2064 1228 2223 1299 quae
2254 1202 2617 1299 fugerant,

500 1313 699 1384 velut
747 1314 911 1384 caeci
962 1311 1295 1383 ruebant.
1343 1313 1680 1381 Discusso
1737 1312 1979 1408 itaque
2028 1337 2213 1382 vano
2273 1329 2621 1410 apparatu

501 1425 819 1495 hostium
840 1478 859 1511 ,
894 1448 1119 1521 quum
1168 1424 1244 1491 in
1273 1424 1468 1519 ipsos
1500 1435 1810 1491 armatos
1835 1446 1909 1491 se
1940 1422 2383 1510 intulissent,
2415 1447 2620 1493 aver-

500 1546 744 1603 terunt
790 1546 1017 1602 totam
1064 1533 1289 1602 aciem
1321 1558 1336 1599 ε
1390 1532 1784 1627 castrisque
1826 1532 2040 1602 etiam
2082 1556 2169 1601 eo
2208 1531 2324 1602 die
2361 1533 2616 1628 potiti,

501 1642 738 1739 praeda
774 1642 1047 1738 ingenti
1083 1656 1315 1739 parta,
1341 1642 1647 1712 victores
1676 1656 2128 1712 reverterunt
2148 1696 2166 1725 ,
2190 1640 2618 1713 militaribus

493 1751 673 1844 jocis
693 1773 916 1846 quum
944 1765 1364 1847 apparatum
1389 1750 1703 1820 hostium
1718 1806 1736 1839 ,
1759 1766 1913 1821 tum
1935 1776 2143 1821 suum
2163 1753 2619 1848 increpantes

495 1883 861 1956 pavorem.
899 1861 1320 1930 Concitatur
1346 1860 1610 1930 deinde
1635 1886 1850 1931 omne
1878 1885 2145 1930 nomen
2164 1864 2541 1931 Etruscum
2556 1859 2613 1951 3,

494 1983 609 2057 et,
649 1969 1286 2066 Tarquiniensibus
1343 1970 1769 2068 Faliscisque
1818 1969 2157 2058 ducibuS,
2212 1969 2299 2040 ad
2345 1971 2615 2043 Salinas

494 2082 947 2177 perveniunt.
994 2081 1351 2152 Adversus
1389 2106 1556 2153 eum
1600 2097 1949 2154 terrorem
1991 2081 2292 2153 dictator
2321 2084 2394 2152 C.
2422 2085 2614 2151 Mar-

495 2292 802 2338 turbaverunt
835 2293 1003 2355 specie.
1038 2293 1326 2341 Bacchicum
1371 2291 1510 2339 habi·
1597 2306 1646 2338 n.
1677 2307 1724 2337 2.
1752 2315 1821 2327 -—-
1842 2293 1916 2339 De
1939 2291 2036 2340 hoc
2063 2295 2264 2356 Strateg.
2293 2293 2363 2339 sic
2390 2291 2612 2339 Frontin.

491 2381 620 2425 tum,
643 2368 798 2429 qualis
817 2370 869 2415 in
890 2372 1017 2417 vasis
1035 2372 1248 2418 Etruscis
1269 2371 1508 2427 occurrit,
1597 2372 1687 2428 IV,
1716 2386 1822 2434 cap.
1855 2379 1910 2427 4,
1938 2387 2013 2418 ex.
2043 2374 2102 2426 18
2133 2383 2181 2419 et
2212 2386 2274 2433 19
2310 2386 2323 2417 ε
2364 2371 2542 2418 Falisci
2566 2382 2617 2417 et

490 2446 630 2493 facile
653 2445 911 2504 adnoscas;
951 2451 1112 2510 Heyn.
1142 2450 1324 2512 Opuse.
1354 2448 1508 2495 Acad.
1604 2448 1995 2511 Tarquinienses,
2019 2435 2335 2513 compluribus
2351 2465 2544 2496 suorum
2560 2449 2614 2495 in
2674 2495 2689 2504 ,

492 2523 684 2579 tom.V‚
712 2539 820 2585 pag.
850 2531 967 2578 440.
996 2526 1177 2573 Confer
1203 2527 1358 2573 simile
1389 2538 1509 2573 stra-
1567 2521 1573 2528 ’
1597 2525 2081 2575 habitusaeerdotum
2093 2529 2363 2575 subornatis
2376 2562 2393 2584 ‚
2401 2527 2545 2592 faces
2565 2540 2615 2575 et

491 2614 699 2665 tegema,
746 2619 891 2666 supra
928 2604 1017 2661 IV,
1070 2605 1133 2651 33
1170 2621 1247 2669 pr.
1292 2616 1341 2653 et
1380 2606 1508 2669 inpr.
1599 2620 1782 2669 angues
1802 2605 1987 2668 furiali
2019 2606 2185 2653 babitu
2213 2606 2576 2671 proeferentibus
2597 2640 2612 2664 ‚

490 2679 736 2747 Bbettiger
762 2682 810 2729 in
835 2681 923 2727 der
945 2682 1310 2740 Furienmaske,
1340 2700 1391 2747 p.
1419 2684 1484 2730 55
1495 2718 1510 2741 ,
1599 2683 1753 2730 aciem
1779 2685 2102 2730 Romanorum
2125 2686 2443 2732 turbaverunt.
2470 2684 2613 2731 Idem

489 2760 853 2832 ubiaingeniose
890 2761 1189 2824 suspicatur,
1219 2762 1512 2810 sacerdotes
1604 2762 1817 2808 Veientes
1847 2773 1893 2807 et
1918 2762 2173 2809 Fidenates
2182 2762 2382 2828 facibus
2408 2763 2614 2825 arreptis

484 2839 600 2886 illos
623 2842 676 2888 in
704 2840 911 2889 solemni
934 2856 1115 2904 pompa
1144 2840 1301 2902 (utin
1327 2836 1512 2910 θᾳὸου-
1587 2839 1825 2903 fecerunt·
1849 2842 1923 2887 De
1946 2840 2023 2887 his
2042 2852 2202 2888 autem
2219 2842 2289 2889 sic
2306 2840 2472 2889 scribit
2499 2841 2615 2888 Flo-

490 2918 622 2984 χίαις
667 2926 915 2984 sacrisque
954 2923 1189 2987 Cybeles,
1245 2924 1512 2971 Bacchiet
1599 2932 1681 2964 rus
1706 2922 1760 2973 I,
1795 2934 1904 2982 cap.
1937 2934 2024 2977 12,
2050 2919 2082 2983 S
2112 2933 2137 2979 7
2184 2935 2197 2967 ε
2235 2919 2457 2977 Fidenae,
2491 2921 2613 2982 quia

491 2996 710 3062 Cereris)
730 3014 842 3044 cum
855 2998 1041 3045 facibus
1060 2999 1303 3062 sacrisque
1319 2999 1509 3057 infulis,
1587 2996 1805 3059 .impares
1825 2996 2110 3062 erantferro
2127 3031 2144 3053 ‚
2168 2997 2241 3044 ad
2256 3008 2482 3044 terrorem
2507 3014 2613 3045 mo-

489 3093 573 3124 seu
617 3075 924 3132 velamentis,
978 3077 1259 3140 supplicum
1298 3077 1507 3140 insigni,
1598 3073 1798 3119 veredum
1808 3071 2009 3137 facibus
2032 3087 2266 3131 armatce,
2295 3087 2344 3121 et
2361 3076 2612 3122 discolor-1·-

486 3155 681 3201 obviam
702 3153 997 3217 processisse
1015 3156 1347 3201 Romanorum
1370 3171 1506 3201 exer·
1597 3151 1682 3196 bus
1705 3162 1974 3214 serpentum
1996 3153 2045 3198 in
2067 3153 2263 3199 modum
2283 3153 2419 3200 vittis
2427 3154 2615 3218 furiali

487 3232 633 3290 citui,
676 3243 724 3278 et
757 3231 967 3294 primum
994 3232 1037 3278 ei
1064 3232 1317 3279 horrorem
1342 3234 1504 3278 incus·
1594 3243 1726 3274 more
1740 3242 2091 3292 processerunt.
2136 3230 2275 3278 Idem
2311 3231 2408 3294 fiere
2443 3232 2610 3279 Livius

486 3310 604 3357 sisse
629 3321 677 3357 et
700 3310 1018 3356 reverentiam
1032 3344 1046 3367 ‚
1065 3311 1151 3358 sed
1169 3311 1503 3357 moxinermes
1593 3308 1683 3364 IV,
1707 3307 1788 3353 33.
1803 3309 1894 3353 Eu.

485 3388 781 3444 trucidatos,
805 3398 854 3433 et
868 3386 984 3432 huic
1001 3388 1275 3434 crudelitati
1293 3390 1501 3452 speeiem
1662 3402 1710 3431 ιι.
1751 3386 1815 3431 Ει
1850 3397 1962 3431 tunc
1999 3387 2190 3449 quidem
2227 3390 2435 3437 Romani
2473 3389 2611 3435 ‘velut

483 3478 656 3531 postea
685 3466 807 3525 juris
840 3464 1119 3527 impositam
1157 3466 1504 3530 inductamque
1593 3462 1848 3525 lymphati,
1871 3467 2167 3512 consternati
2186 3468 2265 3513 vel
2282 3467 2439 3513 insani
2459 3466 2477 3528 (
2494 3466 2608 3513 vide

483 3562 587 3593 esse
605 3544 757 3591 veluti
773 3542 976 3599 nubem,
994 3544 1190 3590 mutatis
1209 3544 1342 3591 vittis
1355 3546 1501 3592 sacris
1590 3540 1653 3587 ad
1673 3541 1756 3588 Sil.
1779 3542 1803 3587 1
1820 3576 1833 3599 ,
1864 3542 1964 3603 459
1979 3540 1997 3606 )
2015 3576 2029 3600 ,
2051 3544 2354 3591 munimentis
2372 3543 2468 3590 suis
2482 3579 2497 3600 ,
2526 3561 2606 3590 ca-

480 3625 534 3670 in
565 3631 811 3686 serpentes
854 3619 1200 3685 (discoloribus
1234 3634 1501 3685 serpentum
1593 3619 1704 3665 stris
1725 3619 1951 3677 munitis,
1979 3620 2262 3669 inciderunt.

482 3702 531 3749 in
559 3701 755 3748 modum
785 3697 922 3745 vittis
952 3699 1077 3748 dixit
1107 3701 1235 3748 Flor.
1264 3702 1377 3748 loco
1401 3703 1500 3749 lau·
1665 3698 1712 3744 3·
1741 3698 1891 3744 Omne
1910 3714 2082 3745 nomen
2105 3701 2362 3747 Etruscum
2382 3699 2523 3764 (vide
2541 3700 2607 3746 ad

486 3779 634 3843 dato)
656 3778 795 3826 taedis
818 3775 1161 3825 sacrificalibus
1182 3780 1235 3826 in
1262 3781 1389 3827 faces
1406 3777 1499 3827 Fu·
1589 3778 1639 3832 I,
1667 3789 1755 3833 10,
1783 3792 1833 3822 n.
1861 3791 1888 3821 α
1902 3775 1936 3839 ).
1963 3777 2041 3824 Sic
2068 3777 2316 3825 Diodorus
2341 3778 2428 3825 lib.
2451 3771 2604 3837 XVI,

482 3858 687 3913 riarum,
713 3866 762 3903 et
797 3872 929 3906 sacra
955 3873 1137 3921 pompa
1170 3859 1225 3905 in
1258 3858 1500 3906 incessum
1586 3871 1701 3921 pag.
1725 3856 1826 3919 529
1847 3852 2179 3924 εΤυῤῥηνῡὶὸὲ
2191 3852 2603 3925 ὃισιπῡλεμοῦντις

479 3935 715 3980 furialem.
749 3935 824 3980 De
845 3934 922 3981 his
943 3937 1193 3984 Furiarum
1224 3937 1497 4000 gestamini·
1588 3922 1860 4001 ῥωμσιίοις,
1899 3935 2166 4004 ἐπόρθησαν
2194 3936 2373 3992 πολλὴν
2405 3939 2488 3993 τῆς
2516 3954 2608 3985 πο-

477 4003 572 4050 bus
593 4013 641 4049 et
653 4003 823 4050 habitu
842 4005 955 4051 vide
979 4005 1040 4053 ad
1062 4008 1146 4054 Sil.
1170 4010 1245 4066 11,
1268 4008 1367 4054 536
1395 4019 1496 4070 seq.
1585 4010 1758 4079 λιμὶας
1776 4011 1959 4081 χώρας,
1982 4013 2073 4065 ’καὶ
2097 4016 2236 4083 μέχρι
2260 4019 2345 4065 τοῦ
2365 4011 2605 4083 Τιῧέρεως

482 4079 582 4133 546
595 4079 806 4140 δῑίσὸῑῡς
816 4092 864 4127 et
880 4084 1146 4146 Boettigeri
1160 4086 1380 4133 libellum
1392 4086 1495 4133 lau·
1584 4085 1989 4159 καταδραμόντες
2005 4130 2021 4155 ,
2054 4095 2316 4150 ἐπανῆλθον
2340 4094 2405 4152 εἰς
2434 4097 2519 4145 τὴν
2543 4094 2607 4144 οἶ-

435 4185 442 4190 ·
480 4155 865 4203 datum.'Confer
884 4159 1072 4207 and-Tac.
1092 4163 1222 4209 Ann.
1237 4166 1380 4222 xlv,
1402 4167 1496 4223 30,
1577 4168 1711 4221 κίαν.
1727 4170 1816 4217 En.
1841 4172 1930 4219 Ad
1945 4172 2138 4221 Salinas
2142 4172 2458 4236 perveniunt,
2487 4172 2603 4220 vide
