3000 4717
460 336 508 375 A.
535 336 582 375 C.
605 339 694 389 387.

463 400 516 439 U.
539 400 586 456 C,
610 402 701 440 ³65.

995 370 1307 439 LIBER
1358 376 1442 442 v.
1498 375 1714 442 CAP.
1772 376 1968 443 LIV.
2397 399 2541 471 229

407 513 441 546 ε(
476 485 597 556 det
617 487 646 554 ἱ)
670 490 1056 585 Equidem,
1092 491 1377 564 fatebor
1400 495 1643 583 vobiS,
1679 499 1813 566 etsi
1837 498 2075 568 minus
2105 500 2382 594 injuriae
2418 526 2536 571 ve-

406 624 438 658 «
474 610 636 666 strae
648 608 701 685 ²,
724 624 943 695 quam
959 626 1137 673 meae
1155 605 1567 677 calamitatis
1582 661 1600 693 ,
1625 608 2034 677 meminisse
2049 608 2280 701 juvat,
2306 634 2535 705 quum

375 734 439 770 ,,«
473 706 831 796 abessem,
871 715 1468 811 quotiescumque
1511 718 1737 814 patria
1773 718 1848 786 in
1877 731 2196 814 mentem
2222 721 2534 807 veniret,

404 845 438 879 ι(
474 816 624 888 haec
652 822 893 891 omnia
931 823 1447 912 occurrebant,
1489 826 1743 915 001105,
1781 828 2195 923 campique,
2232 841 2302 898 et
2323 826 2533 898 Tibe-

404 953 437 990 «
476 928 607 1014 ris,
647 943 718 999 et
752 947 1032 1002 assueta
1070 934 1294 1005 oculis
1320 937 1555 1033 regio,
1603 950 1675 1007 et
1711 936 1853 1006 hoc
1891 936 2174 1023 caelum,
2213 934 2349 1005 suh
2381 960 2533 1031 quo

403 1065 436 1101 c<
475 1052 687 1110 natus
719 1039 1211 1140 educatusque
1242 1070 1492 1117 essem.
1533 1049 1709 1136 Quae
1738 1072 1865 1117 vos
1879 1081 1911 1134 ,·
1940 1047 2293 1138 QuiriteS,
2338 1070 2535 1116 nunc

405 1175 437 1210 «
470 1165 809 1240 moveant
858 1155 1098 1249 potius
1150 1157 1438 1248 caritate
1487 1181 1648 1243 sua,
1706 1172 1785 1226 ut
1838 1158 2185 1228 maneatis
2238 1157 2313 1225 in
2367 1155 2535 1226 sede

397 1284 437 1356 x«
473 1271 739 1346 vestra,
764 1285 981 1355 quam
1007 1278 1288 1360 postea,
1316 1291 1544 1363 quum
1566 1265 2002 1361 reliqueritis
2029 1292 2109 1338 ea
2128 1320 2146 1354 ,
2169 1281 2537 1336 macerent

403 1393 438 1428 «
473 1363 843 1439 desiderio.
877 1376 1042 1443 Non
1079 1375 1233 1445 sine
1262 1400 1473 1445 causa
1509 1376 1608 1445 dii
1637 1375 2114 1471 hominesque
2147 1376 2343 1447 hunc
2369 1375 2537 1446 urbi

404 1502 437 1536 ε(
474 1476 869 1547 condendae
927 1480 1168 1551 locum
1235 1484 1610 1582 elegerunt
1637 1539 1655 1570 ,
1717 1484 2225 1557 saluberrimos
2279 1486 2536 1576 001105,

405 1612 438 1670 ᾳ
471 1582 744 1656 flumen
773 1604 1274 1686 opportunum
1293 1647 1316 1680 ,
1342 1619 1490 1689 quo
1522 1620 1610 1663 ex
1635 1593 2176 1665 mediterraneis
2202 1595 2376 1666 locis
2395 1594 2538 1666 fru-

313 1756 317 1760 .
405 1720 438 1755 «
471 1717 593 1788 ges
613 1694 1080 1790 devehantur,
1099 1726 1245 1797 quo
1261 1705 2055 1776 maritimicommeatus
2071 1706 2537 1803 accipiantur-3

403 1832 437 1865 «
471 1827 668 1875 mare
688 1807 1002 1877 vicinum
1020 1812 1111 1881 ad
1135 1814 1711 1901 commoditate5‚
1736 1840 1872 1886 nec
1891 1818 2299 1913 expositum
2317 1818 2537 1888 nimia

403 1942 436 1976 «
471 1916 1055 2013 propinquitate³
1081 1922 1168 1992 ad
1194 1924 1515 2020 pericula
1541 1925 1869 1996 classium
1902 1941 2398 2014 externarum3
2433 1953 2538 1997 re-

401 2052 435 2086 c<
469 2024 763 2119 gionum
785 2028 1003 2099 Italiae
1018 2031 1337 2114 medium
1354 2088 1373 2122 ,
1401 2035 1491 2104 ad
1510 2036 2038 2132 incrementum
2057 2034 2256 2110 urbis
2279 2051 2530 2107 natum

401 2218 463 2265 ad
489 2221 640 2268 Attio.
665 2225 753 2281 lv,
780 2240 800 2270 1
833 2237 882 2273 et
907 2227 995 2294 0),
1022 2245 1110 2276 nec
1137 2230 1243 2277 haec
1260 2243 1416 2289 terra,

403 2314 550 2360 quam
580 2314 784 2351 matrem
814 2299 1147 2370 appellamus}
1177 2322 1232 2357 ut
1266 2303 1419 2370 XXI,

403 2377 495 2436 06,
526 2393 575 2423 ιι.
611 2396 659 2439 7,
691 2400 810 2445 quos
839 2401 1005 2433 eorum
1038 2388 1250 2451 ipsorum
1284 2392 1419 2438 sedes

400 2462 510 2502 sum„
523 2457 1066 2514 munerante-Pendet,
1084 2471 1181 2517 est,
1205 2461 1281 2508 vel
1299 2478 1418 2509 con-

404 2525 602 2575 tinctur.

473 2621 522 2653 0.
552 2607 792 2671 Equidem
814 2609 882 2675 (v.
901 2612 964 2659 ad
985 2630 1028 2661 c.
1048 2616 1134 2674 51,
1153 2632 1203 2663 ιι.
1226 2616 1277 2682 3)
1279 2618 1418 2682 fate-

400 2684 492 2731 bor
515 2685 681 2742 vobis,
712 2688 803 2735 etsi
824 2689 981 2737 minus
1002 2692 1193 2756 injuria·
1211 2708 1413 2755 vestra,

401 2774 494 2812 etc.
517 2764 568 2811 h.
591 2781 634 2812 e.
659 2766 750 2813 etsi
774 2766 881 2815 haec
901 2770 1062 2817 minus
1083 2788 1144 2819 eo
1168 2786 1415 2836 spectant,

399 2853 455 2889 ut
470 2843 663 2904 injuriae
680 2857 879 2907 vestrae,
907 2864 1052 2911 quam
1076 2863 1132 2899 ut
1152 2852 1320 2918 potius
1341 2869 1419 2901 ca-

399 2920 625 2971 lamitatis
642 2940 761 2973 meae
778 2928 1012 2976 memoria
1027 2944 1305 2980 renovetur.
1331 2933 1420 2980 Illa

401 3001 599 3060 quidem
633 3004 778 3066 hujus
820 3023 964 3056 causa
1002 3009 1125 3069 fuit3
1164 3023 1213 3059 at
1249 3011 1422 3060 leviter

402 3077 631 3127 Camillus
643 3085 797 3148 tangit
815 3103 917 3134 rem
928 3123 943 3146 ,
966 3105 1111 3152 quam
1129 3106 1232 3138 non
1250 3107 1422 3154 expro-

400 3155 561 3213 brari,
596 3161 683 3207 sed
706 3163 850 3225 plane
878 3183 940 3214 ex
965 3169 1129 3216 animo
1159 3170 1311 3217 deleri
1337 3187 1422 3218 cu-

399 3234 491 3297 pit.
523 3258 547 3277 «
571 3240 747 3288 Sensus
773 3254 846 3291 cst
869 3259 881 3292 :
910 3247 1002 3293 etsi
1029 3248 1188 3296 exsilii
1215 3250 1419 3297 omnino

401 3313 498 3360 mei
519 3313 652 3362 haud
668 3316 825 3367 libens
850 3326 1098 3386 recordor,
1117 3341 1221 3375 non
1241 3329 1419 3389 modo,

401 3408 499 3454 qua
540 3393 785 3443 calamitas
822 3400 943 3447 mihi
984 3404 1076 3451 fuit
1092 3439 1106 3462 ,
1150 3407 1236 3453 sed
1264 3408 1420 3455 multo

400 3471 585 3530 minus,
609 3490 703 3536 qua
727 3475 904 3536 injuria
930 3493 1089 3529 vestra
1107 3498 1120 3530 ε
1138 3486 1304 3534 ,multo
1330 3486 1421 3533 mi-

398 3568 492 3599 nus
508 3552 637 3600 malo
655 3554 845 3617 iujuriae
864 3574 1066 3620 memor,
1086 3564 1224 3624 quasi
1241 3580 1420 3627 expro-

393 3630 545 3684 brans
578 3649 684 3680 eam
722 3635 892 3695 vobis,
923 3655 1066 3701 qnam
1102 3642 1417 3703 calamitatis,

399 3710 521 3757 citra
563 3711 754 3772 injuriae
791 3717 1138 3779 cogitationem
1160 3755 1178 3780 ,
1216 3737 1319 3768 esse
1339 3738 1355 3780 3
1394 3745 1419 3764 »ι

397 3791 625 3840 Bauerus.
660 3792 830 3856 (Idem
869 3811 989 3845 mox
1013 3799 1199 3860 patria·
1233 3800 1418 3865 malis.)

396 3870 525 3940 Boni
550 3872 675 3919 civis
700 3884 803 3932 est,
833 3890 896 3921 ex
920 3875 1085 3924 animo
1126 3877 1286 3926 delere
1318 3895 1418 3928 me-

396 3948 600 4005 moriam
637 3950 829 4012 injuriae
864 3969 891 4001 a
928 3953 1117 4003 civibus
1163 3969 1375 4021 acceptae
1401 3974 1416 4009 ε

388 4029 678 4078 memoriam
733 4030 945 4095 aliquam
998 4034 1287 4084 calamitatis
1308 4071 1323 4095 ‚
1366 4037 1420 4085 in

396 4120 541 4169 quam
565 4124 626 4156 ex
651 4109 830 4170 injuria
851 4111 934 4160 illa
958 4112 1162 4174 incidit,
1180 4117 1389 4168 retinere
1403 4152 1418 4178 ,

1509 2250 1567 2281 ac
1585 2235 1729 2294 simul
1740 2209 1901 2296 lienus
1916 2235 2038 2281 civis
2052 2251 2156 2282 esse
2168 2268 2182 2291 ,
2200 2245 2363 2298 potest
2375 2250 2388 2291 3
2401 2235 2533 2282 Duk.

1509 2295 1628 2360 Hoec
1672 2299 1837 2361 omni'a
1882 2316 2200 2362 occurrebant
2239 2315 2422 2370 menti,
2462 2314 2531 2360 id.

1509 2393 1592 2455 qd.
1627 2394 1676 2440 in
1712 2406 1917 2442 mentem
1950 2394 2244 2449 veniebant,
2279 2404 2336 2442 ut
2360 2394 2530 2448 XXV,

1508 2480 1605 2531 04,
1636 2489 1686 2520 ιι.
1724 2489 1774 2533 7,
1809 2473 1896 2520 uhi
1932 2473 2082 2536 paulo
2122 2484 2238 2538 post
2282 2487 2532 2518 occurrere

1507 2550 1670 2597 animo
1691 2552 1887 2609 dicitur,
1905 2563 1954 2599 et
1978 2553 2208 2599 xxxvl
2221 2552 2322 2611 ,35
2342 2568 2419 2615 pr.
2448 2551 2529 2600 sic

1508 2639 1555 2675 et
1579 2644 1855 2676 succurrere
1868 2632 1943 2677 VI
1958 2664 1972 2685 ‚
2003 2646 2061 2676 ιο
2088 2647 2164 2694 pr.
2187 2642 2236 2677 et
2254 2633 2423 2689 XXV,
2447 2631 2530 2688 37.

1505 2721 1554 2752 n.
1589 2708 1635 2753 5.
1659 2734 1726 2742 —-
1748 2710 2120 2770 Quampostea,
2151 2725 2300 2770 quum
2323 2709 2528 2771 relique-

1504 2783 1609 2830 ritis
1631 2801 1715 2841 ea,
1741 2797 1987 2832 macerent
1998 2786 2254 2834 desiderio.
2274 2790 2531 2834 Macer-are

1507 2861 1590 2909 hic
1610 2862 1674 2910 ad
1695 2865 1908 2910 animum
1931 2863 2135 2911 relatum
2161 2874 2301 2911 notat
2325 2881 2529 2927 angeret,

1507 2940 1730 2990 molestia
1750 2958 1821 2989 00
1857 2941 2029 2989 dolore
2055 2940 2266 2989 afficere.
2292 2942 2502 2990 Ovidius
2516 2978 2532 2999 ‚

1508 3016 1668 3084 Epist.
1695 3022 1823 3080 XX,
1846 3024 1962 3068 Her.
1993 3037 2120 3068 vers.
2149 3022 2244 3067 125
2260 3055 2275 3079 ,
2302 3023 2547 3069 Maceror·

1511 3097 1775 3155 interdum,
1800 3099 1938 3162 quod
1945 3099 2034 3146 sim
2048 3099 2136 3147 tibi
2146 3116 2298 3148 causa
2317 3099 2530 3147 dolendi.

1509 3175 1706 3225 Lueret.
1734 3178 1822 3226 lib.
1859 3180 1936 3225 111
1954 3212 1968 3235 ,
2004 3194 2133 3227 vers.
2165 3180 2291 3241 839,
2319 3180 2532 3228 Advenit

1509 3256 1589 3314 id,
1625 3258 1763 3320 quod
1789 3273 1899 3309 eam
1938 3259 2000 3305 de
2027 3247 2178 3306 rebus*
2196 3277 2324 3323 saepe
2343 3260 2532 3325 ficturis

1509 3337 1736 3384 Macetae
1748 3372 1763 3394 ‚
1794 3336 1941 3400 inque
1962 3349 2090 3385 metu
2109 3340 2238 3386 male
2253 3339 2423 3396 habet,
2454 3347 2531 3386 ou·

1510 3413 1671 3477 risque
1676 3415 1887 3481 fatigat.
1908 3419 2000 3464 En.

1583 3495 1630 3540 3.
1652 3496 1757 3541 Nec
1776 3495 2049 3559 expositum
2074 3496 2228 3543 nimia
2241 3497 2530 3561 propinqui-

1510 3582 1634 3627 tate,
1665 3584 1758 3619 etc.
1802 3595 1827 3615 «e
1851 3575 1986 3636 Quid
2010 3576 2283 3639 expositum
2301 3581 2328 3621 Ρ
2356 3577 2498 3622 Mare
2509 3611 2526 3633 ,

1509 3666 1537 3696 e
1568 3651 1834 3712 proximo?
1862 3653 2081 3701 stultum.
2124 3657 2301 3700 Locum
2333 3668 2476 3715 ergo,
2505 3672 2531 3702 e

1509 3729 1763 3791 sequenti?
1790 3732 2046 3778 Remotius
2072 3747 2132 3778 ao
2167 3731 2358 3790 durius,
2387 3748 2531 3780 sensu

1507 3816 1669 3854 tamen
1694 3808 1990 3870 postulante.
2018 3812 2163 3857 Forte
2186 3811 2376 3874 legend.
2405 3813 2538 3859 mari

1505 3883 1749 3942 viciteum,
1771 3897 1826 3933 nt
1854 3888 2017 3933 omnia
2043 3888 2106 3934 ad
2136 3889 2293 3936 Iocum
2318 3891 2528 3938 referan-

1508 3974 1613 4025 tur;
1635 3986 1660 4005 ω
1679 3965 1849 4012 Bauer.
1873 3968 2025 4013 Recte
2038 4002 2052 4025 ,
2075 3968 2528 4032 uphem—Natum

1509 4042 1676 4099 unice,
1711 4044 1898 4109 optime
1912 4078 1928 4103 ‚
1962 4047 2151 4110 egregie
2165 4083 2180 4105 ,
2204 4064 2403 4111 prorsus
2420 4083 2435 4107 ,
2458 4050 2530 4096 lo-

1507 4135 1652 4179 cum,
1684 4122 1800 4170 vide
1825 4123 1887 4171 ad
1914 4127 1961 4182 Ῑ,
1990 4140 2083 4185 21,
2110 4142 2161 4174 n.
2194 4129 2252 4191 33
2280 4138 2329 4174 et
2350 4129 2416 4187 V,
2446 4130 2531 4186 37,
2586 4112 2598 4127 ’
