3000 4717
472 327 516 384 Ᾰ.
540 346 588 385 C.
611 347 700 392 '44²-

470 412 705 451 u.0.3,0.
969 327 1286 442 LIBER
1336 365 1477 432 JV.
1549 364 1764 432 CAP.
1829 367 1965 434 lv.
2367 312 2374 318 ’
2442 359 2526 432 13

418 522 451 556 α
488 505 657 562 sunt
706 489 888 560 facta
933 488 1008 556 in
1062 510 1253 556 novo
1296 485 1646 584 populo);
1684 510 1767 556 ea
1790 496 1842 571 ¹,
1879 510 1972 555 ne
2020 485 2080 553 si
2122 483 2322 554 utilia
2366 485 2527 578 qui-

419 628 454 670 e<
487 601 662 672 dem
679 603 853 687 sint,
882 597 1040 667 fieri
1067 598 1395 692 oportet?
1421 594 1800 667 Pontifices
1820 645 1838 682 ,
1856 619 2158 691 augures
2177 647 2195 682 ,
2224 594 2532 663 Romulo

418 741 453 775 «
483 724 866 808 regnante,
885 707 1065 778 nulli
1087 721 1292 777 erant
1319 734 1333 776 z
1366 706 1454 776 ab
1471 710 1708 778 Numa
1726 705 2074 802 Pompilio
2094 705 2312 774 creati
2340 719 2529 800 sunt7

421 851 455 885 «
492 826 763 892 Census
809 821 885 888 in
933 819 1213 888 civitate
1263 831 1334 887 et
1388 816 1772 915 descriptio
1819 815 2305 909 centuriarum
2357 814 2532 884 clas-

422 960 457 995 «
492 932 824 1026 siumque
853 954 1005 1000 non
1042 941 1191 998 erat
1220 954 1234 995 z
1268 926 1357 996 ab
1386 932 1533 997 Ser.
1554 926 1787 995 Tullio
1817 940 1923 996 est
1952 923 2156 1000 facta.
2187 923 2536 994 Consules

392 1068 456 1102 ·«
491 1063 870 1134 nunquam
896 1037 1221 1108 fuerant:
1247 1036 1536 1133 regibus
1565 1038 1827 1106 exactis
1856 1036 2075 1106 creati
2098 1049 2288 1103 sunt.
2310 1033 2539 1104 Dicta-

423 1177 458 1212 «
492 1150 668 1219 toris
701 1173 837 1220 nec
872 1150 1256 1244 imperium
1278 1202 1296 1237 ,
1327 1173 1461 1219 nec
1478 1172 1751 1218 nomen
1776 1145 2048 1218 fuerat:
2083 1145 2274 1243 apud
2305 1160 2540 1242 patres

423 1288 458 1323 c<
494 1275 644 1329 ess'e
682 1261 920 1357 coepit.
953 1259 1253 1330 Tribuni
1282 1259 1513 1357 plebis
1537 1314 1555 1347 ‚
1591 1258 1863 1346 aediles,
1899 1257 2320 1353 quaestores,
2359 1257 2542 1327 nulli

426 1399 459 1433 «
493 1385 728 1458 erant3
753 1371 1165 1441 institutum
1190 1385 1328 1457 est,
1362 1383 1444 1439 ut
1469 1368 1750 1438 fierent.
1783 1367 2242 1437 Decemviros
2257 1365 2543 1461 ‚legibus

427 1509 460 1543 <c
493 1479 886 1550 scribendis
913 1481 1103 1550 intra
1139 1480 1388 1549 decem
1422 1479 1555 1547 hos
1579 1501 1806 1547 annos
1830 1490 1901 1547 et
1940 1477 2334 1553 creavimus
2357 1530 2375 1563 ‚
2406 1489 2475 1544 et
2504 1500 2542 1544 e

427 1617 461 1654 c<
502 1589 881 1686 republica·
891 1590 1329 1658 sustulimus.
1345 1588 1524 1675 Quis
1542 1584 1826 1662 dubitat
1839 1640 1858 1673 ‚
1881 1587 2083 1681 quin,
2106 1587 2182 1655 in
2197 1600 2543 1688 aeternum

428 1727 465 1760 ε(
498 1697 680 1767 urbe
715 1695 1005 1766 condita
1027 1749 1047 1782 ‚
1083 1696 1161 1763 in
1193 1696 1627 1764 immensum
1658 1707 2020 1764 crescente
2043 1750 2063 1782 ‚
2098 1719 2286 1764 nova
2320 1696 2542 1791 impe·
2613 1712 2626 1723 ·

431 1835 464 1868 «
496 1807 601 1874 ria
624 1860 643 1893 ‚
694 1803 1125 1891 sacerdotia,
1160 1804 1323 1897 jura
1386 1804 1711 1900 gentium
1759 1803 2289 1899 hominumque
2342 1805 2545 1874 insti-

431 1942 465 1975 «
504 1914 844 1982 tuantur?
880 1919 1032 1982 Hoc
1074 1913 1309 2008 ipsum
1331 1967 1350 2001 ‚
1374 1938 1482 1983 ⁴ne
1529 1911 1978 1982 connubium
2020 1903 2344 1983 Patribus
2383 1938 2548 1983 cum

420 2050 465 2115 ¹«
503 2020 714 2117 plebe
733 2038 918 2092 esset
934 2076 953 2110 ‚
983 2047 1134 2092 non
1148 2033 1176 2063 ²
1194 2022 1583 2094 decemviri
1609 2022 1931 2092 tulerunt
1953 2023 2198 2117 paucis
2219 2020 2330 2091 his
2345 2024 2554 2092 annis

431 2159 466 2194 κ
503 2133 812 2227 pessimo
843 2133 1174 2230 exemplo
1209 2133 1506 2230 publico
1530 2187 1549 2221 ‚
1600 2157 1766 2202 cum
1798 2156 2077 2203 summa
2107 2133 2368 2226 injuria
2394 2135 2553 2231 ple-

431 2267 465 2303 «
500 2238 649 2310 bis?
688 2265 779 2312 an
825 2265 974 2312 esse
1011 2243 1155 2312 ulla
1193 2243 1456 2336 major,
1498 2256 1622 2313 aut
1667 2242 2074 2337 insignitior
2119 2244 2555 2314 contumelia

435 2382 469 2416 «
504 2364 740 2445 potest
762 2404 780 2439 ,
809 2376 1029 2446 quam
1057 2368 1335 2450 partem
1359 2354 1660 2423 civitatis
1683 2406 1702 2440 ‚
1734 2351 1931 2422 velut
1960 2354 2514 2423 contaminatam
2534 2410 2553 2444 ‚

435 2487 469 2521 «
504 2457 871 2554 indignam
931 2462 1301 2533 connubio
1341 2462 1645 2533 haberi?
1683 2461 1862 2557 quid
1903 2475 2009 2536 est
2040 2462 2283 2548 aliud,
2339 2488 2556 2559 quam

438 2590 472 2624 c<
508 2566 835 2636 exsilium
885 2570 1069 2638 intra
1126 2572 1377 2642 eadem
1420 2573 1686 2642 moenia
1702 2626 1720 2661 ,
1772 2596 1995 2667 quam,
2043 2572 2559 2669 relegationem

440 2703 474 2737 c<
512 2677 706 2770 pati?
750 2703 843 2748 ne
897 2677 1360 2752 affinitatibus
1383 2736 1402 2770 ‚
1457 2708 1550 2753 ne
1608 2681 2267 2780 propinquitatibus
2330 2684 2560 2752 immi-

439 2813 473 2848 «
507 2809 873 2875 sceamur,
904 2805 1198 2878 cavent3
1231 2816 1324 2861 ne
1359 2794 1672 2862 societur
1712 2795 2019 2888 sanguiS.
2055 2792 2293 2883 Quid?
2325 2793 2466 2862 hoc
2506 2794 2564 2861 si

441 2924 474 2957 «
515 2895 777 2991 polluit
827 2898 1278 2986 nobilitatem
1328 2901 1538 2970 istam
1589 2913 1927 2987 vestram,
1953 2924 2183 2994 quam
2232 2900 2563 2994 plerique
2627 2981 2636 2986 .

512 3090 630 3137 Cu».
655 3091 745 3136 IV.
777 3105 821 3135 r.
840 3092 945 3146 Ea,
972 3106 1034 3136 ne
1050 3091 1093 3137 si
1109 3090 1250 3137 utilia
1268 3090 1463 3154 quidem
1622 3104 1669 3135 2.
1698 3090 1839 3147 Non,
1866 3105 2032 3137 nonne
2059 3087 2148 3154 (ut
2167 3091 2233 3148 V,
2261 3089 2322 3137 53
2348 3089 2464 3154 aL),
2484 3088 2567 3135 de-

406 3209 413 3214 .
443 3166 539 3214 sinc
549 3186 570 3225 ;
586 3169 642 3219 τὸ
657 3183 716 3213 ea
726 3168 1032 3216 referendum
1045 3170 1108 3216 ad
1120 3170 1273 3216 multa
1289 3187 1308 3217 .·
1328 3169 1464 3232 quod

446 3261 544 3307 quo
582 3246 766 3293 facilius
804 3259 1085 3312 appareret,
1118 3248 1462 3312 parentheseos

448 3321 583 3383 signa
616 3340 679 3370 ex
710 3325 919 3388 praeced.
957 3326 1150 3374 sustulit
1180 3329 1349 3375 Bauer.
1379 3327 1463 3389 qui

451 3409 610 3447 tamen
637 3405 716 3450 vel
750 3405 820 3451 sic
848 3406 1159 3457 ἀνακόλουθον
1194 3407 1465 3455 orationem

450 3494 554 3526 esse
575 3480 674 3539 jam
698 3484 901 3530 monuit.
927 3488 1072 3532 Forte
1099 3487 1192 3549 leg.
1215 3488 1302 3542 Ea,
1332 3485 1470 3549 quod

451 3557 666 3603 nondum
696 3559 976 3622 estfactum
1002 3564 1197 3622 (multa
1213 3598 1224 3610 .
1243 3598 1255 3610 .
1276 3600 1289 3613 .
1310 3580 1466 3627 popu-

453 3637 566 3696 lo),
596 3653 692 3683 non
708 3671 724 3693 ‚
754 3652 816 3682 ne
832 3637 876 3683 si
896 3637 1010 3684 utile
1033 3641 1226 3701 quidem
1245 3643 1331 3699 sie,
1346 3642 1470 3709 fieri

456 3721 728 3777 oporteret?
757 3743 826 3752 —
853 3715 1064 3763 Similem
1100 3718 1335 3781 loquendi
1368 3719 1470 3766 for·-

446 3803 584 3842 'mam
604 3794 823 3841 invenies
840 3794 927 3843 lib.
952 3810 1101 3851 xxm,
1126 3811 1232 3860 cap.
1259 3798 1304 3843 3.
1332 3798 1477 3858 Quod

456 3887 584 3933 soepe
616 3873 840 3934 optastis,
873 3872 1138 3936 Campani,
1174 3885 1227 3921 ut
1256 3876 1477 3940 supplicii

460 3949 679 3996 sumendi
701 3952 840 3997 vobis
865 3967 930 3998 ex
954 3952 1167 4015 improbo
1191 3969 1251 3999 ac
1271 3953 1476 4002 detesta-

462 4028 550 4077 bili
584 4040 753 4075 senatu
774 4042 993 4093 potestas
1029 4043 1176 4087 essee,
1207 4048 1316 4079 eam
1352 4049 1478 4080 nunc

462 4105 661 4154 habetis.
686 4108 775 4154 En.

1551 3168 1743 3214 cemviri
1760 3168 1992 3225 tulerunt,
2015 3169 2145 3215 conf.
2174 3168 2237 3215 ad
2261 3171 2351 3226 IV,
2377 3183 2398 3213 1
2416 3202 2429 3225 ,
2452 3184 2501 3225 n.
2520 3183 2566 3214 2.

1551 3247 1762 3295 Pessima
1768 3248 1966 3311 publico
1984 3248 2191 3295 malebat
2210 3249 2364 3295 Gron.
2387 3256 2442 3294 ut
2460 3262 2568 3308 sup.

1531 3328 1603 3372 -ΙΙ
1618 3360 1633 3384 ,
1666 3342 1687 3372 1
1711 3360 1724 3383 ,
1758 3326 1847 3373 ubi
1877 3326 1990 3374 vide
2024 3337 2129 3374 not.
2169 3327 2215 3373 3.
2248 3326 2421 3373 Baueri
2453 3335 2571 3371 nota

1554 3415 1627 3452 est
1643 3419 1662 3451 ι
1685 3426 1710 3445 κ
1722 3405 1817 3452 Vel
1836 3407 2084 3469 exemplo,
2105 3405 2183 3453 vel
2191 3404 2390 3467 publico
2411 3402 2575 3449 delen-

1555 3482 1671 3529 dum
1685 3516 1699 3540 ,
1722 3499 1777 3530 ae
1795 3484 1882 3530 vix
1899 3496 1994 3543 est,
2016 3485 2136 3546 qm’n
2158 3484 2310 3546 prius.
2334 3479 2574 3541 Exemplo

1555 3562 1685 3608 enim
1714 3561 1795 3609 hic
1834 3563 1919 3624 qui
1952 3563 2127 3608 loeus?
2153 3562 2353 3614 Utrum,
2379 3573 2442 3604 ne
2468 3558 2576 3621 quis

1558 3642 1763 3688 similem
1778 3642 1933 3704 legem
1950 3642 2128 3687 ferret?
2144 3641 2388 3699 Quorsum
2400 3670 2414 3694 ,
2430 3652 2580 3698 quum

1559 3731 1684 3767 esset
1708 3719 2040 3766 decemviralis
2055 3719 2077 3764 P
2099 3718 2205 3773 An,
2223 3731 2285 3762 ne
2303 3715 2496 3778 patricii
2513 3730 2582 3763 se-

1561 3809 1823 3861 querentur
1832 3813 1888 3842 su
1889 3795 2110 3858 perbiam,
2115 3794 2333 3858 priorum
2344 3795 2367 3840 P
2373 3794 2441 3841 At
2449 3794 2583 3841 istud

1563 3892 1665 3923 non
1688 3892 1716 3921 a
1738 3875 1868 3936 lege,
1896 3874 1983 3921 sed
2002 3873 2063 3920 ab
2089 3874 2307 3937 ipsorum
2322 3872 2450 3920 fastu
2467 3886 2583 3935 pro-

1565 3952 1887 4001 ficiscebatur.
1904 3974 1928 3993 »ι
1939 3979 2007 3988 --
2022 3952 2289 4008 Exsilium,
2311 3953 2464 4012 major
2480 3966 2584 4013 poe-

1566 4048 1630 4080 na
1651 4046 1794 4093 quam
1814 4032 2040 4095 relegatio
2057 4066 2071 4090 ,
2098 4032 2211 4094 quia
2234 4030 2322 4077 illo
2337 4063 2352 4087 ,
2371 4044 2476 4076 non
2493 4028 2586 4074 hae

1567 4101 1741 4172 ciuitas
1756 4110 2004 4172 amittitur.
2035 4110 2194 4157 Instit.
2219 4108 2399 4157 sustin.
2427 4108 2515 4155 En.
