3000 4717
2165 290 2214 327 A.
2237 287 2284 327 C.
2313 289 2539 330 381—380.

2163 347 2217 388 U.
2236 348 2284 388 C.
2312 349 2539 403 371—372.

477 316 613 385 280
1318 315 1396 382 T.
1456 313 1728 384 LIVII

466 437 624 506 miae
645 434 887 531 gloriae
906 436 1441 506 monimentum
1460 449 1533 506 et
1554 456 1786 531 poenae
1805 431 2072 501 ultimae
2088 428 2249 502 fuit.
2281 429 2593 526 Adjectae

466 559 758 615 mortuo
794 559 985 616 notae
1014 559 1184 616 sunt
1216 572 1232 615 ε
1269 543 1558 643 publica
1584 568 1771 631 una3
1802 540 2003 638 quod
2020 595 2039 629 ,
2072 565 2300 638 quum
2329 539 2591 613 domus

466 655 528 748 ej
539 679 620 725 us
669 652 957 744 fuisset,
1015 655 1145 727 ubi
1197 681 1394 726 nunc
1442 654 1629 726 aedes
1677 668 1897 750 atque
1946 649 2237 723 officina
2274 656 2593 726 Moneta

466 779 574 837 est
593 775 683 853 ¹²,
710 765 934 836 latum
959 765 1048 837 ad
1069 766 1426 863 populum
1449 780 1589 853 est,
1619 788 1712 835 ne
1736 765 1902 861 quis
1929 763 2271 859 patricius
2284 761 2373 832 ,in
2389 785 2552 832 arce
2567 814 2587 845 ‚

465 890 591 945 aut
628 874 986 974 Capitolio
1016 874 1373 948 habitaret
1404 903 1420 946 ε
1466 874 1815 972 gentilitia
1832 873 2092 961 altera3
2130 871 2343 969 quod·
2357 872 2592 967 gentis

465 985 748 1058 Manlioe
791 984 1085 1057 decreto
1121 1000 1413 1057 cautum
1449 999 1594 1070 est,
1626 1010 1720 1056 ne
1758 986 1922 1081 quis
1960 982 2223 1055 deinde
2251 986 2349 1053 M.
2382 986 2589 1052 Man·

463 1095 604 1168 lius
648 1093 1135 1168 vocaretur13.
1174 1102 1386 1168 Hune
1418 1098 1692 1167 exitum
1721 1093 1984 1166 habuit
2017 1095 2127 1163 vir
2148 1146 2168 1180 ,
2220 1093 2358 1164 nisi
2391 1092 2465 1162 in
2498 1089 2589 1159 li—

461 1205 638 1278 bera
657 1208 940 1280 civitate
961 1224 1171 1281 natus
1190 1222 1376 1281 esset
1392 1263 1413 1298 ,
1430 1206 1941 1280 memorabilis.
1967 1203 2328 1302 Populum
2345 1200 2587 1282 brevi,

462 1333 852 1417 postquam
886 1321 1291 1417 periculum
1330 1319 1421 1390 ab
1455 1344 1544 1391 eo
1581 1318 1868 1389 nullum
1900 1329 2055 1388 erat
2075 1371 2096 1404 ,
2135 1339 2268 1412 per
2295 1337 2369 1384 se
2398 1313 2586 1409 ipsas

461 1428 967 1502 recordantem
1005 1432 1413 1519 virtutes¹⁴‚
1476 1430 1916 1501 desiderium
1952 1426 2110 1523 ejus
2146 1423 2420 1512 tenuit;
2457 1421 2627 1519 pe-‘

461 1540 774 1611 stilentia
798 1543 1012 1612 etiam
1036 1541 1240 1612 brevi
1271 1556 1723 1638 consequuta
1739 1595 1759 1630 ‚
1794 1539 2011 1623 nullis
2040 1534 2588 1609 occurrentibus

461 1662 676 1720 tantae
694 1649 913 1721 cladis
933 1652 1161 1722 causis
1178 1706 1197 1740 ‚
1227 1676 1316 1722 ex
1330 1653 1698 1746 Manliano
1724 1649 2081 1749 supplicio
2098 1653 2372 1744 magnae
2402 1646 2589 1743 parti

459 1757 687 1828 videri
719 1773 878 1831 orta
918 1788 934 1830 ε
984 1759 1330 1831 violatum
1375 1761 1815 1858 Capitolium
1862 1784 2013 1831 esse
2047 1757 2398 1855 sanguine
2436 1779 2587 1825 ser-

459 1871 726 1940 vatoris
767 1898 784 1940 t
830 1894 966 1941 nec
997 1871 1132 1942 diis
1171 1872 1372 1943 cordi
1409 1870 1626 1942 fuisse
1645 1869 1711 1914 ¹⁵
1748 1894 2041 1968 poenam
2076 1868 2230 1963 ejus
2271 1865 2586 1938 oblatam

459 2002 691 2078 prope
723 1981 949 2051 oculis
972 1983 1154 2069 suis,
1189 2007 1228 2051 a
1259 2006 1410 2079 quo
1444 2006 1573 2053 sua
1605 1982 1873 2079 templa
1906 1994 2150 2077 erepta
2182 2003 2222 2049 e
2251 1975 2589 2048 manibus

458 2087 779 2161 hostium
807 2107 1070 2163 essent.

553 2203 745 2270 XXI.
771 2201 1251 2275 pestilentiam
1268 2201 1512 2297 inopia
1531 2200 1818 2298 frugum
1845 2217 1919 2273 et
1942 2202 2297 2299 vulgatam
2321 2197 2587 2267 utrius-

457 2423 565 2456 mus
577 2441 591 2465 ,
618 2418 667 2453 et
684 2406 824 2454 multi
844 2417 958 2469 post
976 2421 1087 2453 eum
1103 2403 1299 2453 luerunt
1311 2441 1324 2464 ‚
1346 2406 1475 2469 inpr.

454 2486 699 2533 Caesarum
729 2485 1045 2547 temporibus.
1086 2481 1323 2530 Manlium
1359 2502 1475 2532 vero

451 2560 756 2610 verberando
773 2574 998 2609 necatum
1017 2579 1120 2610 esse
1138 2562 1340 2611 tradidit
1359 2565 1477 2613 Cor-

452 2642 611 2690 nelius
626 2641 797 2705 Nepos
809 2674 823 2701 ,
840 2652 963 2689 teate
975 2643 1102 2691 Gell.
1117 2644 1266 2690 XVII
1277 2677 1291 2701 ,
1308 2658 1334 2688 α
1348 2659 1391 2690 1.
1404 2669 1477 2680 --

452 2723 617 2768 Poence
633 2720 840 2777 ultimos,
863 2721 977 2769 vide
998 2721 1061 2768 'ad
1085 2723 1188 2779 111,
1216 2721 1299 2779 58,
1316 2738 1366 2768 ιι.
1394 2736 1414 2767 1
1430 2736 1473 2768 1.

449 2798 744 2863 —Adjeetoe
759 2811 915 2858 noem,
946 2800 1213 2864 ignominia
1231 2799 1475 2861 injuncta,

452 2877 616 2926 addita
634 2914 649 2938 ,
688 2890 877 2926 mortuo
917 2879 1109 2927 Manlio
1124 2913 1139 2938 ,
1177 2877 1258 2925 vel
1297 2890 1475 2943 praeter

453 2969 678 3006 mortem.

526 3053 606 3085 ια.
635 3036 728 3083 Ubi
742 3051 871 3083 nunc
887 3036 1016 3083 oedes
1030 3038 1063 3085 J
1063 3035 1243 3083 unonis
1259 3037 1473 3084 Moneta·

451 3126 546 3172 ese,
573 3114 686 3162 vide
706 3115 949 3173 inst-Nn,
978 3116 1078 3175 ²83
1100 3114 1257 3164 Cicer.
1285 3114 1397 3162 Div.
1418 3117 1469 3174 1,

453 3193 548 3252 453
579 3195 659 3251 11,
690 3195 785 3252 323
819 3193 970 3240 Ovid.
996 3196 1123 3239 Faet.
1154 3195 1210 3250 1,
1238 3194 1337 3251 637
1366 3209 1470 3257 aeq.

449 3276 555 3332 VI,
587 3273 691 3332 ⁴183
734 3287 833 3334 seq.
871 3270 1044 3320 Suidae
1080 3286 1189 3319 voc.
1229 3269 1473 3331 Μονῆτα,

449 3364 498 3400 et
514 3350 739 3402 Macrob.
768 3351 865 3397 Sat.
890 3352 940 3408 1,
971 3364 1056 3407 123
1077 3347 1279 3415 officina
1301 3352 1472 3398 Mone-

450 3443 537 3490 ta,
567 3431 620 3478 in
644 3445 739 3492 qua
760 3440 866 3477 tum
884 3427 1023 3485 cudi,
1046 3427 1124 3474 vel
1144 3430 1335 3491 percuti
1354 3429 1473 3478 sole·

447 3512 569 3559 bant
596 3507 785 3557 nummi
798 3541 815 3566 ,
851 3516 957 3554 tum
991 3506 1131 3553 vultu
1165 3507 1383 3556 Monetae
1408 3509 1473 3556 si-

447 3589 611 3653 gnari,
629 3598 678 3635 et
695 3587 813 3633 hinc
830 3600 1027 3648 quoque
1049 3584 1150 3632 dici
1166 3598 1386 3635 monetoe.
1400 3615 1472 3625 —

447 3670 524 3715 Ne
536 3664 889 3733 quispam-icius
908 3664 959 3711 in
972 3680 1104 3722 aree,
1123 3676 1212 3712 aut
1230 3666 1469 3731 Capitolio

446 3745 713 3803 habitaret,
745 3756 799 3792 ut
828 3744 1076 3793 Manlius:
1106 3744 1241 3808 quod
1277 3756 1382 3794 tum
1413 3747 1468 3795 in

445 3825 587 3885 hujus
610 3824 928 3887 ignominiam
959 3823 1231 3882 decretum,
1266 3835 1372 3872 tum
1399 3825 1466 3873 ob

445 3918 550 3949 eam
584 3917 802 3960 causam,
832 3891 893 3948 de
924 3918 1020 3965 qua
1049 3901 1163 3950 vide
1198 3902 1261 3950 ad
1302 3906 1384 3963 11,
1414 3920 1465 3970 7,

443 3997 494 4027 ιι.
522 3978 912 4028 6.——Plutarch.
930 3979 985 4025 in
1004 3979 1238 4039 Camillo,
1263 3998 1315 4045 p.
1340 3984 1464 4043 148,

441 4058 496 4107 τὸ
534 4057 698 4108 λοιπὸν
745 4054 1042 4123 ἐψηφίσαντο
1065 4095 1079 4119 ,
1125 4053 1319 4125 μηδένα
1364 4066 1462 4112 τῶν

1566 2405 1833 2478 πατρικίων
1850 2408 2028 2470 ἂπὶτῆς
2047 2408 2198 2478 ἄκροις
2213 2406 2474 2458 κατοικεῖν.
2491 2405 2583 2451 En.

1642 2485 1721 2534 13.
1743 2489 1822 2535 Ne
1848 2490 1954 2552 quis
1977 2487 2151 2536 deinde
2171 2488 2239 2533 M.
2261 2483 2475 2531 Manlius
2494 2498 2585 2528 νο-

1564 2578 1783 2624 caretur,
1821 2569 1883 2615 cf.
1915 2566 2163 2615 Plutarch.
2191 2577 2227 2612 t.
2250 2567 2300 2611 11
2322 2598 2337 2621 ‚
2372 2580 2423 2627 p.
2453 2560 2584 2619 2853

1564 2647 1692 2693 Fest.
1720 2663 1768 2695 v.
1797 2647 2007 2703 Manlia,
2039 2645 2196 2693 Cicer.
2235 2643 2363 2690 Phil.
2398 2645 2453 2699 1,
2493 2641 2578 2700 133

1564 2725 1772 2786 Quintil.
1798 2728 1871 2772 III
1888 2759 1902 2783 ,
1934 2742 1958 2785 7
1976 2741 1990 2782 ;
2008 2735 2055 2772 et
2074 2724 2136 2771 de
2153 2725 2226 2770 M.
2240 2722 2462 2770 Antonio
2481 2719 2578 2767 Dio

1564 2801 1697 2850 Cass·
1732 2803 1822 2852 lib.
1851 2807 1931 2853 LI.
1972 2806 2032 2850 In
2067 2801 2201 2866 Epit.
2233 2801 2341 2850 Liv.
2371 2809 2421 2847 et
2452 2797 2582 2863 apud

1563 2882 1685 2929 Aur.
1703 2882 1832 2930 Vict.
1862 2882 1922 2930 de
1950 2882 2041 2929 vir.
2067 2881 2137 2927 ill.
2165 2896 2209 2926 c.
2238 2887 2307 2934 24
2332 2893 2582 2944 perperam

1562 2959 1728 3006 Marci
1752 2975 2016 3024 cognomen
2050 2959 2228 3022 legitur
2259 2973 2353 3022 pro
2386 2959 2457 3004 M.
2493 2972 2581 3003 no-

1561 3051 1687 3094 men,
1713 3038 1793 3086 vel
1799 3054 2100 3101 praenomen.
2121 3037 2304 3086 Similia
2324 3035 2436 3084 vide
2453 3034 2581 3100 apud

1560 3116 1807 3165 Suetsrih.
1830 3118 1883 3176 13
1910 3128 1960 3165 et
1979 3118 2095 3164 Tac.
2114 3118 2247 3165 Ann.
2270 3118 2347 3175 11,
2375 3115 2438 3161 32
2453 3148 2468 3173 ,
2499 3122 2546 3171 4.

1636 3203 1715 3251 14.
1735 3197 1832 3242 Per
1847 3212 1899 3243 se
1916 3206 2155 3260 spectatas
2172 3195 2302 3259 ipsas
2320 3192 2581 3241 recordan-

1560 3284 1655 3321 tem
1681 3273 1911 3331 virtutes,
1937 3275 1988 3323 h.
2010 3292 2054 3323 e.
2076 3291 2154 3321 eas
2177 3273 2331 3332 solas,
2357 3272 2489 3320 nulla
2510 3272 2582 3319 vi-

1559 3352 1741 3400 tiorum
1757 3354 1944 3402 ratione
1960 3354 2152 3412 habita,
2176 3369 2243 3400 an
2263 3350 2466 3416 undficr
2480 3350 2581 3398 siclt

1559 3432 1740 3490 selbst5
1774 3444 1832 3481 ut
1860 3433 1962 3481 fere
1999 3434 2100 3490 IX,
2130 3432 2214 3491 45,
2239 3448 2290 3480 ιι.
2311 3430 2419 3489 ἰ3,
2447 3428 2587 3477 haud

1560 3510 1920 3559 memorabilem
1936 3527 2037 3558 rem
2043 3527 2141 3575 per
2155 3527 2222 3568 se,
2244 3510 2287 3558 si
2303 3525 2410 3557 eam
2426 3509 2582 3572 ipsam

1560 3601 1765 3653 spectes.
1805 3588 1987 3637 Confer
2020 3588 2082 3637 ad
2109 3592 2158 3649 1,
2196 3604 2285 3647 10,
2314 3605 2367 3637 n.
2403 3604 2452 3635 a.
2485 3589 2581 3635 Pro

1559 3680 1728 3731 sponte
1767 3666 1948 3727 dicitur
1983 3669 2062 3727 11,
2103 3669 2333 3727 423V1,
2367 3668 2453 3725 18,
2487 3667 2581 3727 23;

1558 3747 1738 3805 XXII,
1766 3748 1867 3810 603
1902 3748 2123 3807 XXXV,
2159 3749 2251 3807 263
2274 3748 2580 3805 XXXVIII,

1556 3825 1650 3885 263
1669 3827 1931 3893 XXXIX,
1958 3841 2046 3885 12,
2078 3824 2576 3883 51.-Peseilentia‚

1553 3904 1667 3951 vide
1692 3904 1756 3951 ad
1783 3906 1835 3963 1,
1865 3906 1925 3951 31
1948 3938 1962 3963 ‚
1988 3921 2037 3952 n.
2067 3913 2115 3960 4.

1632 3983 1710 4030 ι5.
1749 3984 1854 4032 Nec
1883 3982 1978 4030 diis
2010 3983 2151 4032 cordi
2158 3982 2347 4048 fiisse,
2378 3983 2492 4031 vide
2517 3982 2582 4029 ad

1553 4077 1660 4126 cap.
1691 4078 1751 4124 9,
1774 4077 1825 4110 n.
1851 4077 1893 4107 1.
