3000 4717
481 335 528 371 A.
558 333 603 371 C.
625 329 850 382 359—358.

484 390 849 442 U‚0‚392.394,
897 351 1207 417 LIBER
1254 349 1425 415 VII.
1475 347 1689 414 CAP.
1744 346 1965 413 VIII.
2018 347 2151 413 IX.
2396 345 2525 419 351

427 484 682 544 nuerat
729 470 1149 540 dictatorem
1171 522 1191 556 ,
1242 493 1337 539 ne
1392 482 1558 537 ante
1610 463 1984 536 meridiem
2038 466 2317 561 signum
2363 467 2534 540 dare

423 596 666 680 posset
701 609 715 652 ε
750 605 838 652 eo
871 581 956 650 in·
979 594 1269 685 noctem
1297 593 1608 650 tractum
1643 590 1794 646 erat
1822 589 2205 657 certamen.
2244 582 2538 650 Postero

422 693 540 763 die
581 692 860 763 deserta
900 689 1069 787 fuga
1107 704 1337 760 castra
1376 689 1857 759 Hernicorum
1881 741 1900 775 ,
1937 700 2010 755 et
2044 687 2268 756 saucii
2306 689 2536 760 relicti

422 802 716 900 quidam
771 803 1090 888 inventi3
1151 823 1552 898 agmenque
1606 796 2041 894 fugientium
2065 800 2096 847 4
2137 795 2228 867 ab
2283 799 2498 894 signis
2519 856 2538 889 ,
2594 829 2599 834 ·

422 938 650 1010 quum
705 927 965 1011 praeter
1007 913 1274 981 moenia
1328 934 1579 981 eorum
1629 907 2115 1004 infrequentia
2158 924 2539 1006 conspecta

415 1029 623 1124 ‘signa
650 1039 888 1095 essent
906 1075 926 1111 ,
952 1021 1189 1093 fusum
1224 1046 1308 1091 ac
1340 1046 1471 1118 per
1490 1044 1701 1117 agros
1721 1019 2006 1117 trepida
2035 1018 2201 1116 fuga
2218 1020 2539 1116 palatum

420 1151 548 1207 est.
582 1141 730 1206 Nec
762 1135 1079 1204 romanis
1113 1134 1486 1203 incruenta
1528 1132 1828 1202 victoria
1865 1129 2000 1201 fuit
2033 1157 2049 1198 ε
2090 1144 2346 1226 quarta
2376 1156 2539 1227 pars

418 1248 728 1330 militum
757 1247 1041 1333 amissa,
1080 1258 1188 1331 et,
1223 1242 1355 1314 ubi
1390 1240 1588 1314 haud
1620 1243 1861 1311 minus
1882 1240 2179 1335 jacturae
2207 1239 2377 1329 fuit,
2408 1242 2536 1311 ali-

419 1372 603 1454 quot
634 1359 913 1452 equites
935 1355 1221 1426 romani
1248 1352 1594 1425 cecidere.

513 1473 635 1538 IX.
673 1467 1093 1563 Insequenti
1124 1488 1351 1553 anno,
1399 1486 1630 1558 quum
1672 1464 1751 1530 C.
1788 1461 2142 1558 Sulpieius
2179 1475 2250 1532 et
2288 1466 2368 1533 C.
2410 1464 2527 1532 Li-

419 1577 648 1647 cinius
684 1578 940 1647 Calvus
977 1573 1311 1647 consules
1361 1574 1437 1643 in
1471 1573 1821 1643 Hernicos
1864 1572 2256 1643 exercitum
2293 1572 2539 1643 duxis-

399 1697 611 1779 ¹sent,
667 1710 905 1781 neque
954 1685 1262 1755 inventis
1306 1685 1379 1751 in
1429 1706 1601 1780 agro
1649 1682 1983 1762 hostibus
2004 1738 2025 1770 ,
2070 1684 2536 1758 Ferentinum

417 1794 676 1866 urbem
713 1819 964 1865 eorum
989 1796 1059 1863 vi
1097 1795 1486 1892 cepissent,
1518 1791 2047 1864 revertentibus
2079 1791 2249 1863 inde
2287 1794 2387 1865 eis
2421 1794 2538 1863 Ti·
2586 1817 2587 1824 ¹

414 1903 669 1978 burtes
709 1919 953 2003 portas
1002 1906 1339 1976 clausere.
1392 1908 1495 1973 Ea
1532 1904 1785 1976 ultima
1825 1900 1959 1974 fuit
2000 1927 2212 1973 causa
2239 1957 2258 1991 ,
2309 1929 2538 1998 quum

415 2015 659 2085 multae
683 2029 888 2086 antea
913 2015 1382 2109 querimoniae
1409 2014 1605 2084 ultro
1632 2012 1961 2109 citroque
1978 2012 2256 2107 jactatae
2281 2028 2540 2101 essent,

416 2147 568 2212 cur,
597 2149 728 2221 per
756 2122 1041 2193 feciales
1068 2122 1287 2194 rebus
1317 2125 1672 2221 repetitis,
1694 2122 1971 2219 bellum
1989 2122 2245 2193 tiburti
2268 2123 2542 2220 populo

415 2229 873 2301 indiceretur.
908 2232 1349 2303 Dictatorem
1366 2237 1442 2303 T.
1472 2234 1851 2323 Quintium
1877 2238 2207 2303 Pennum
2236 2258 2324 2304 eo
2350 2258 2543 2303 anno

417 2334 633 2408 fuisse
654 2392 674 2424 ,
702 2342 868 2409 satis
897 2357 1211 2430 constat,
1257 2356 1330 2412 et
1365 2345 1783 2439 magistrum
1822 2345 2150 2439 equitum
2182 2346 2329 2413 Ser.
2361 2348 2540 2413 Cor-

418 2443 689 2513 nelium
737 2443 1340 2545 Maluginensem.
1405 2457 1646 2524 Macer
1705 2454 2022 2524 Licinius
2080 2454 2539 2523 comitiorum

416 2550 923 2626 habendorum
959 2583 1170 2630 causa
1193 2574 1266 2628 et
1301 2559 1391 2630 ab
1419 2564 1697 2634 Licinio
1726 2563 2025 2635 consule
2059 2562 2334 2632 dictum
2364 2565 2537 2633 scri-

415 2660 590 2752 bit¹,
635 2666 807 2760 quia
828 2720 846 2752 ,
886 2666 1156 2764 collega
1194 2670 1482 2740 comitia
1517 2670 1712 2742 bello
1757 2671 2092 2768 praeferre
2130 2670 2536 2762 festinante,

416 2787 499 2844 ut
537 2775 995 2846 continuaret
1042 2776 1535 2865 consulatum,
1594 2779 1879 2879 obviam
1929 2778 2251 2849 eundum
2306 2806 2537 2877 pravae

418 2883 791 2979 cupiditati
832 2882 1066 2956 fuerit.
1112 2886 1423 2972 Quaesita
1466 2911 1548 2957 ea
1584 2887 1892 2982 propriae
1927 2885 2207 2956 familiae
2242 2887 2396 2957 laus
2431 2889 2536 2959 le-

420 2993 693 3062 viorem
740 3008 1109 3063 auctorem
1158 2995 1513 3065 Licinium
1560 2994 1726 3065 facit
1766 3019 1780 3061 :
1830 3019 2059 3090 quum
2097 2997 2537 3066 mentionem

417 3101 573 3194 ejus
613 3104 720 3174 rei
757 3103 833 3172 in
864 3104 1380 3174 vetustioribus
1412 3102 1789 3176 annalibus
1825 3103 2098 3174 nullam
2141 3105 2536 3191 inveniam,

1520 3296 1603 3344 hic
1649 3296 1822 3354 loeu⁸3
1857 3296 1921 3342 ab
1956 3294 2164 3359 Signinis
2199 3297 2428 3360 praeclara
2469 3308 2542 3345 est

1522 3375 1712 3424 emend.
1739 3374 1920 3433 licinii,
1942 3374 2132 3422 laudata
2159 3374 2213 3420 in
2244 3373 2544 3424 Fiillebornii

489 3300 536 3347 4.
565 3273 848 3357 Agmerique
862 3292 1160 3358 fiegientium
1190 3295 1254 3342 ab
1286 3294 1434 3360 signis

359 3396 363 3400 ⁴
417 3369 612 3436 (quod,
643 3388 710 3419 sc.
735 3373 976 3419 Hernicos
995 3389 1028 3419 a
1050 3374 1203 3435 signis
1229 3375 1433 3438 fugisse,

415 3465 503 3497 seu
529 3467 584 3497 ea
609 3451 884 3513 reliquisse,
911 3452 1143 3498 Romanis
1172 3454 1434 3516 apparebat

418 3546 596 3592 quum,
631 3529 748 3576 dum
781 3531 860 3578 vel
885 3527 1003 3576 iude
1028 3530 1163 3593 quod
1186 3530 1326 3595 signa
1348 3532 1435 3580 ho-

417 3610 587 3668 stium,
606 3610 808 3667 moem'a,
835 3609 1029 3667 urbem,
1051 3625 1241 3665 eorum,
1259 3613 1434 3658 Feren-

416 3689 590 3747 tinum,
606 3692 1069 3755 jampraetergnssa,
1092 3687 1430 3753 infrequentia,

419 3769 522 3816 scil.
550 3768 771 3829 armatis,
796 3781 853 3817 ut
887 3771 967 3826 X,
1001 3784 1096 3827 20,
1125 3779 1174 3815 et
1205 3770 1433 3826 xxvn,

420 3856 504 3907 47,
546 3849 624 3895 vel
659 3865 771 3898 cum
808 3864 917 3896 raro
953 3848 1163 3895 militum
1200 3848 1434 3895 comitatu

415 3927 773 3992 conspicerent)
795 3926 968 3993 fiesum
981 3961 997 3983 ,
1040 3927 1308 3990 dispersum
1325 3960 1341 3985 ,
1369 3942 1436 3974 ac

410 4021 503 4067 per
522 4023 667 4071 agros
678 4008 907 4071 palatum
930 4019 1029 4063 σείς
1049 4006 1232 4054 Stroth.
1255 4006 1437 4054 Confer

421 4084 481 4128 ad
507 4087 582 4144 X,
613 4102 691 4144 ιι,
719 4104 768 4135 ιι.
799 4089 847 4136 3.
880 4087 976 4136 Sed
1000 4102 1103 4136 uon
1129 4086 1200 4135 sic
1227 4085 1439 4159 placebit

1523 3456 1780 3521 encyclop.
1807 3455 1980 3519 philol.
2008 3470 2059 3518 p.
2090 3455 2149 3501 32
2166 3488 2180 3511 ,
2202 3454 2320 3502 edit.
2347 3471 2442 3503 sec.
2467 3481 2539 3493 -

1521 3537 1708 3581 Proeter
1726 3534 1904 3582 moenia
1916 3569 1934 3591 ,
1964 3533 2078 3581 vide
2096 3534 2159 3584 ad
2182 3533 2352 3592 XXV,
2383 3550 2401 3579 1
2416 3548 2461 3593 1,
2486 3551 2538 3581 n.

1524 3630 1656 3675 9.-
1671 3614 1783 3670 Ubi,
1818 3630 1912 3676 qua
1937 3614 1991 3660 in
2013 3628 2090 3671 re',
2118 3612 2258 3660 haud
2281 3612 2437 3659 minus
2451 3614 2539 3678 sa·

1521 3692 1805 3757 cturoefiaeit,
1828 3709 1935 3756 quae
1941 3694 2129 3752 jactura
2141 3709 2245 3740 non
2256 3692 2418 3740 minor
2429 3694 2541 3741 fuit.

1593 3772 1715 3819 CAr.
1744 3773 1837 3817 IX.
1871 3786 1914 3817 1.
1956 3774 2126 3818 Macer
2151 3771 2363 3819 Licinius
2399 3773 2540 3839 (vide

1521 3850 1585 3896 ad
1606 3851 1709 3908 III,
1743 3865 1789 3910 1,
1811 3866 1862 3896 ιι.
1884 3864 1928 3906 1,
1951 3860 2000 3897 et
2017 3851 2107 3909 IV,
2128 3866 2177 3910 7,
2199 3866 2249 3897 ιι.
2275 3849 2335 3915 7)
2356 3852 2542 3900 dictum

1522 3928 1687 3975 scribit
1701 3963 1718 3985 ,
1758 3929 1866 3976 scil.
1897 3928 2201 3978 dictatorem.
2224 3958 2294 3967 -—-
2328 3932 2542 3994 Qua-sita

1526 4024 1585 4053 ea
1611 4008 1825 4072 proprioe
1835 4006 2052 4072 familia·
2077 4010 2182 4056 laus
2211 4010 2431 4058 leviorem
2451 4027 2542 4057 au-

1526 4097 1704 4134 ctorem
1729 4086 1961 4135 Lichzium
1979 4088 2265 4136 historicum
2268 4089 2427 4153 facit,
2456 4106 2541 4137 au·
2617 4149 2622 4155 ἡ
