3000 4717
440 277 488 330 Ᾰ.
514 265 561 325 ὁ.
589 270 681 333 423.

439 339 493 383 U.
515 346 559 384 C.
589 348 678 393 324.
765 375 775 386 .

851 265 1164 379 LIBER
1213 300 1617 406 ivchP.
1671 312 2001 387 xxvn.
2402 311 2494 417 5'7
2539 383 2549 394 .

380 449 526 514 reS‚
557 452 700 523 qua
721 430 1081 525 eguissent
1094 433 1169 501 in
1195 435 1438 505 castris
1456 490 1475 522 ‚
1505 451 1934 519 moraretur.
1959 439 2295 532 dictator,
2315 466 2489 539 prae-

382 549 601 605 eunte
619 546 646 576 ²
677 541 755 606 A.
792 540 1128 610 Cornelio
1156 543 1498 638 pontifice
1523 548 1869 638 maximo,
1898 548 2107 620 ludos
2129 547 2156 592 3
2189 576 2490 648 magnos

379 645 732 736 tumultus
784 673 991 720 causa
1036 654 1266 742 vovit3
1303 654 1814 753 profectusque
1863 654 1953 726 ab
1992 658 2214 747 urbe,
2260 660 2487 736 diviso

378 764 545 823 cum
603 758 901 847 Quintio
961 763 1257 834 consule
1305 766 1619 836 exercitu
1642 822 1660 854 ,
1697 766 1788 836 ad
1835 765 2080 837 hostes
2135 773 2486 864 pervenit.

377 856 571 935 Sicut
598 862 769 936 bina
800 884 1027 941 castra
1056 871 1406 965 hostium,
1434 901 1654 973 parvo
1672 878 1862 948 inter
1880 899 1954 949 se
1980 881 2210 982 spatio
2234 879 2490 964 distan-

374 974 503 1062 tia,
522 974 880 1066 viderant,
899 980 1034 1077 ipsi
1054 1007 1352 1081 quoque
1380 988 1574 1058 mille
1600 987 1823 1059 ferme
1850 1013 2097 1085 passus
2126 988 2217 1059 ab
2245 989 2489 1080 hoste,

373 1081 679 1158 dictator
708 1092 1059 1180 Tusculo,
1100 1097 1351 1167 consul
1401 1100 1754 1186 Lanuvio,
1795 1101 2208 1197 propiorem
2247 1101 2486 1171 locum

372 1197 614 1267 castris
648 1215 1016 1294 ceperunt.
1071 1209 1177 1274 Ita
1213 1222 1527 1302 quatuor
1559 1210 1950 1292 exercituS,
1989 1210 2290 1300 totidem
2326 1236 2483 1296 mu-

368 1303 718 1396 nimenta,
751 1309 1122 1404 planitiem
1147 1320 1223 1406 in
1252 1321 1492 1390 medio
1510 1374 1529 1407 ,
1559 1346 1706 1391 non
1734 1321 1970 1417 parvis
1998 1322 2217 1392 modo
2247 1347 2487 1412 excur-

367 1413 692 1488 sionibus
729 1421 818 1491 ad
854 1426 1127 1519 praelia,
1168 1429 1290 1499 sed
1340 1430 1451 1499 vel
1499 1429 1591 1516 ad
1625 1431 2078 1527 explicandas
2120 1434 2483 1530 utrimque
2581 1518 2590 1522 ς
2685 1517 2690 1523 ,

365 1526 550 1595 acies
590 1528 752 1611 satis
799 1545 1201 1626 patentem,
1253 1536 1664 1609 habebant:
1704 1565 1877 1628 nee,
1921 1565 2006 1610 ex
2044 1565 2191 1637 quo
2238 1543 2483 1611 castris

365 1639 637 1703 castra‘*
666 1631 920 1709 collata
943 1657 1144 1732 sunt,
1171 1661 1520 1734 cessatum
1549 1674 1585 1718 a
1615 1648 1892 1719 levibus
1923 1650 2346 1747 praeliisest3
2374 1652 2479 1723 fa—

363 1740 495 1810 cile
531 1746 848 1838 patiente
894 1748 1275 1844 dictatore,
1323 1755 1818 1843 conferendo⁵
1841 1760 2028 1830 vires
2066 1784 2265 1857 spem
2320 1763 2476 1834 uni-

360 1873 580 1946 versae
605 1854 950 1947 victoriae,
981 1877 1256 1936 tentato
1294 1868 1638 1962 paulatim
1667 1885 1931 1941 eventu
1967 1873 2440 1943 certaminum
2455 1928 2480 1961 2

360 1980 528 2030 suos
566 1966 970 2062 praecipere.
1028 1974 1281 2070 Itaque
1332 1976 1614 2066 hostes,
1656 1980 1855 2056 nulla
1890 1982 1963 2050 in
2001 1981 2246 2078 praelio
2278 1983 2476 2077 justo

354 2069 602 2141 relicta
630 2097 789 2169 spe,
813 2094 1038 2169 noctu
1058 2082 1289 2155 adorti
1321 2103 1547 2180 castra
1576 2091 1926 2176 consuli&⁸
1950 2116 2107 2160 rem
2128 2092 2203 2165 in
2233 2116 2475 2162 casum

353 2181 682 2278 ancipitis
701 2202 1001 2259 eventus
1021 2179 1509 2267 committa-nt.
1525 2199 1824 2292 ‘Clamor
1842 2199 2085 2271 subit-o
2104 2215 2302 2271 ortus
2322 2227 2476 2276 non

355 2291 667 2363 consulis
697 2295 916 2369 modo
932 2302 1194 2398 vigiles
1215 2359 1233 2391 ‚
1261 2308 1652 2379 exercitum
1684 2308 1943 2381 deinde
1978 2336 2270 2382 omnem
2294 2367 2312 2398 ,
2348 2311 2473 2382 sed

353 2396 775 2474 dictatorem
795 2432 1091 2507 quoque
1112 2438 1201 2483 ex
1221 2439 1478 2488 somno
1513 2421 1786 2514 excivit.
1818 2421 1961 2493 Ubi
1981 2424 2313 2520 praesenti
2331 2446 2470 2520 ope

350 2530 466 2589 res
501 2511 840 2606 egebant,
874 2522 1128 2614 consul
1165 2549 1300 2596 nec
1335 2528 1579 2599 animo
1612 2529 1910 2619 defecit,
1946 2557 2080 2603 nec
2128 2532 2465 2634 consilio:

349 2726 418 2737 -—
445 2702 525 2751 Sic
553 2716 602 2751 et
635 2706 795 2770 simpl.
821 2710 980 2758 subita
1016 2713 1130 2761 belli
1147 2717 1245 2775 VI,
1271 2717 1329 2765 32
1346 2752 1361 2776 ‚
1451 2737 1637 2769 moram
1662 2723 1865 2788 faceret,
1890 2724 2149 2789 impediret
2173 2741 2250 2772 res
2272 2724 2470 2772 bellicas

344 2796 397 2827 n.
423 2782 476 2840 33
508 2784 676 2844 XXV,
708 2787 770 2833 15
796 2799 919 2835 extr.
947 2800 996 2838 et
1021 2793 1180 2839 subita
1204 2810 1366 2843 rerum.
1452 2809 1503 2845 et
1527 2801 1729 2847 consilia
1757 2802 1959 2859 ducum,
1985 2803 2036 2849 h.
2061 2819 2102 2850 e.
2128 2803 2206 2849 his
2231 2803 2432 2851 deesset.

342 2860 446 2918 IX,
468 2863 531 2915 43
557 2879 632 2926 pr.
657 2875 711 2912 ut
733 2866 923 2930 reliqua
948 2870 1061 2917 belli
1079 2873 1188 2931 IX,'
1210 2874 1268 2921 16
1285 2891 1361 2939 pr.
1522 2893 1571 2924 α.
1590 2880 2078 2947 Proeeuntepontg'sice
2094 2880 2338 2940 maximo,
2356 2880 2477 2927 vide

336 2938 544 2998 XXVI,
576 2958 621 3001 1,
646 2959 695 2990 n.
719 2946 747 2991 3
768 2945 905 3009 (quae
924 2949 1142 3013 reliquia:
1160 2953 1273 3000 belli
1287 2954 1361 3003 di·
1451 2955 1514 3002 ad
1541 2958 1630 3013 IV,
1659 2973 1744 3015 21,
1771 2974 1823 3005 n.
1855 2973 1899 3003 1.

336 3027 520 3066 cuntur
545 3023 651 3080 IX,
676 3038 770 3085 ²93
796 3027 962 3085 XXV,
994 3029 1055 3088 37
1098 3041 1147 3077 et
1187 3039 1278 3089 403
1306 3044 1362 3081 ut
1522 3035 1568 3081 3.
1596 3035 1757 3083 Ludos
1775 3052 1976 3101 magnos
1998 3037 2224 3084 tumultus
2242 3034 2388 3099 (vide
2406 3036 2470 3084 ad

337 3091 443 3142 'fere
468 3099 533 3156 V,
566 3101 652 3157 13;
678 3101 859 3163 XXII,
891 3105 980 3164 56;
1010 3109 1178 3168 XXV,
1210 3111 1267 3170 53
1290 3128 1362 3158 re-
1447 3116 1526 3172 11,
1547 3116 1646 3175 26,
1662 3101 1711 3162 n.
1741 3113 1798 3179 1)
1817 3127 1866 3164 et
1884 3116 2113 3176 terroris,
2134 3132 2276 3179 quem
2296 3116 2379 3165 ille
2396 3117 2471 3170 inq

336 3169 506 3236 ‘liquiae
525 3193 706 3242 pugnoe
741 3193 790 3228 et
824 3184 1002 3242 cladis,
1033 3187 1115 3250 qui
1144 3205 1170 3235 e
1195 3206 1359 3254 pugna
1448 3205 1683 3253 euaserat,
1705 3195 1908 3244 sedandi
1936 3213 2089 3243 causa
2115 3196 2273 3253 vovit,
2300 3196 2468 3244 confer

336 3247 393 3298 et
413 3253 549 3300 clade
565 3257 739 3321 reliqui
757 3260 997 3328 fuerant);
1023 3266 1137 3314 belli
1151 3284 1327 3332 aspera
1338 3305 1353 3326 ‚

335 3325 494 3387 ilum,
525 3332 704 3381 incerta
726 3337 937 3402 (XXX,
960 3358 988 3389 α
1003 3341 1048 3406 ),
1071 3345 1151 3393 vel
1175 3360 1354 3395 coetera

335 3407 597 3473 (XXVII,
622 3412 716 3475 20)
743 3426 792 3461 et
816 3417 908 3464 alia
931 3411 1168 3480 adjectiva
1193 3438 1352 3474 neutr.

332 3503 450 3552 gen.
483 3500 531 3536 et
553 3487 681 3552 plur.
709 3507 842 3540 num.
870 3512 976 3557 quae
1001 3500 1079 3546 vel
1111 3518 1203 3564 pro
1240 3506 1354 3552 sub-

330 3578 482 3616 stant.
510 3565 669 3633 posita
694 3565 929 3633 reperies,
956 3575 1033 3623 vel
1058 3579 1150 3637 ita,
1174 3592 1228 3628 ut
1250 3577 1353 3631 sive

335 3645 442 3694 haec
454 3646 749 3712 supplenda,
771 3648 873 3696 sive
885 3650 966 3698 illa
985 3652 1061 3702 his
1079 3673 1352 3710 accommo-

337 3723 496 3771 danda
533 3726 657 3785 sint,
683 3738 738 3774 ut
766 3742 861 3790 per
893 3727 1096 3779 adversa
1123 3739 1353 3787 montium

334 3802 413 3850 IX
427 3839 442 3863 ‚
463 3805 490 3849 3
510 3820 585 3867 pr.
609 3821 703 3868 pro
724 3824 812 3870 per
835 3808 1057 3858 adversos
1076 3827 1281 3874 montes,
1305 3832 1353 3868 et

334 3882 406 3928 sic
424 3882 586 3930 ardua
603 3883 863 3945 montium,
895 3903 1103 3955 angusta
1126 3894 1344 3958 viarum,

335 3973 428 4008 etc.
449 3962 631 4010 Confer
652 3964 715 4010 ad
736 3965 801 4023 V,
828 3968 891 4014 38
906 4004 920 4028 ,
946 3986 995 4017 n.
1025 3979 1055 4026 4
1071 4006 1085 4030 ,
1113 3984 1161 4020 et
1181 3974 1243 4021 ad
1263 3978 1346 4025 Sil.

334 4037 444 4110 hal.
471 4052 506 4089 t.
531 4045 605 4102 11,
634 4060 683 4107 p.
710 4045 834 4105 173,
863 4052 1342 4112 174.—-Moraretur,

1448 3272 1512 3319 ad
1532 3274 1611 3332 11,
1640 3271 1733 3332 36,
1763 3292 1813 3322 n.
1839 3290 1883 3322 1.

1516 3358 1564 3406 4.
1608 3351 1787 3401 Castris
1817 3363 1981 3401 castra
2012 3354 2197 3403 collata
2216 3389 2231 3414 ,
2260 3353 2375 3401 vide
2401 3354 2465 3400 ad

1442 3432 1546 3489 111,
1578 3432 1673 3493 69,
1701 3448 1750 3479 n.
1786 3448 1863 3484 10..

1517 3509 1564 3556 5.
1598 3509 1896 3575 Cotfirendo
1922 3513 2053 3561 vires
2076 3510 2212 3580 (vide
2227 3512 2289 3558 ad
2308 3513 2464 3571 XXI,

1449 3603 1494 3646 1,
1516 3604 1564 3634 n.
1586 3586 1647 3652 2)
1676 3606 1807 3652 spem
1828 3591 2058 3639 univer-sce
2076 3587 2299 3638 victort'oe
2322 3588 2464 3655 (vide

1440 3665 1504 3712 ad
1524 3668 1548 3713 I
1560 3700 1574 3724 ‚
1599 3667 1662 3713 38
1676 3702 1690 3726 ,
1711 3683 1761 3716 n.
1778 3668 1832 3733 α)
1842 3670 2127 3732 proecipere,
2145 3678 2284 3715 antea
2300 3669 2461 3736 animo

1442 3745 1730 3808 concipere,
1769 3756 1824 3792 ut
1860 3748 1999 3793 XLII
2016 3780 2030 3804 ,
2057 3746 2157 3800 ‚61.
2192 3745 2373 3794 Confer
2399 3748 2461 3796 ad

1440 3824 1567 3881 VII,
1590 3822 1682 3879 26,
1704 3837 1754 3868 n.
1790 3823 2087 3871 5.—-Prcelio
2106 3825 2268 3890 justo,
2301 3827 2460 3891 legiti-

1438 3916 1520 3947 mo
1536 3935 1551 3960 ,
1581 3912 1749 3963 aperto
1773 3913 1821 3949 et
1844 3903 2072 3952 universo
2105 3905 2280 3968 (XXII
2296 3940 2310 3964 ‚
2342 3905 2427 3970 32)
2444 3942 2462 3972 ,—

1438 3979 1573 4042 quod
1594 3981 1864 4044 opponitur
1881 3982 1932 4029 h.
1953 3984 1986 4030 l.
2009 3985 2182 4033 levibus
2200 3986 2385 4049 praeliis
2411 3992 2459 4033 et

1438 4057 1804 4118 certaminibus,
1834 4074 1891 4110 ut
1913 4064 2119 4126 XXIX,
2148 4066 2243 4126 313
2286 4081 2458 4134 excur-
