<?xml version="1.0" encoding="UTF-8"?>
<!DOCTYPE html PUBLIC "-//W3C//DTD XHTML 1.0 Transitional//EN"
    "http://www.w3.org/TR/xhtml1/DTD/xhtml1-transitional.dtd">
<html xmlns="http://www.w3.org/1999/xhtml" xml:lang="en" lang="en">
 <head>
  <title>
</title>
<meta http-equiv="Content-Type" content="text/html;charset=utf-8" />
  <meta name='ocr-system' content='tesseract 3.04.00' />
  <meta name='ocr-capabilities' content='ocr_page ocr_carea ocr_par ocr_line ocrx_word'/>
</head>
<body>
  <div class='ocr_page' id='page_1' title='image "./titusliviuspata00unkngoog_0327.png"; bbox 0 0 3000 4717; ppageno 0'>
   <div class='ocr_carea' id='block_1_1' title="bbox 429 362 670 403">
    <p class='ocr_par' dir='ltr' id='par_1_1' title="bbox 429 362 670 403">
     <span class='ocr_line' id='line_1_1' title="bbox 429 362 670 403; baseline -0.008 -2"><span class='ocrx_word' id='word_1_1' title='bbox 429 365 472 403; x_wconf 76' lang='lat' dir='ltr'><strong>A.</strong></span> <span class='ocrx_word' id='word_1_2' title='bbox 502 362 548 401; x_wconf 89' lang='lat' dir='ltr'><strong>C.</strong></span> <span class='ocrx_word' id='word_1_3' title='bbox 579 362 670 401; x_wconf 82' lang='lat'><strong>363.</strong></span> 
     </span>
    </p>
   </div>
   <div class='ocr_carea' id='block_1_2' title="bbox 430 381 2489 476">
    <p class='ocr_par' dir='ltr' id='par_1_2' title="bbox 430 381 2489 476">
     <span class='ocr_line' id='line_1_2' title="bbox 430 381 2489 476; baseline 0.001 -25"><span class='ocrx_word' id='word_1_4' title='bbox 430 424 674 476; x_wconf 57' lang='lat' dir='ltr'><strong>uam,-</strong></span> <span class='ocrx_word' id='word_1_5' title='bbox 976 383 1281 449; x_wconf 85' lang='lat' dir='ltr'><strong>LIBER</strong></span> <span class='ocrx_word' id='word_1_6' title='bbox 1329 383 1512 447; x_wconf 76' lang='lat' dir='ltr'><strong>vu.</strong></span> <span class='ocrx_word' id='word_1_7' title='bbox 1569 381 1774 447; x_wconf 80' lang='lat' dir='ltr'><strong>CAP.</strong></span> <span class='ocrx_word' id='word_1_8' title='bbox 1830 385 1879 448; x_wconf 90' lang='lat'><strong>1.</strong></span> <span class='ocrx_word' id='word_1_9' title='bbox 2349 381 2489 455; x_wconf 88' lang='grc'><strong>333</strong></span> 
     </span>
    </p>
   </div>
   <div class='ocr_carea' id='block_1_3' title="bbox 368 498 2563 2472">
    <p class='ocr_par' dir='ltr' id='par_1_3' title="bbox 368 498 2563 2472">
     <span class='ocr_line' id='line_1_3' title="bbox 377 498 2490 598; baseline -0.001 -22"><span class='ocrx_word' id='word_1_10' title='bbox 377 504 728 576; x_wconf 67' lang='lat' dir='ltr'><strong>aedilitate.</strong></span> <span class='ocrx_word' id='word_1_11' title='bbox 748 505 895 571; x_wconf 85' lang='lat' dir='ltr'><strong>Hos</strong></span> <span class='ocrx_word' id='word_1_12' title='bbox 923 499 1057 572; x_wconf 89' lang='lat' dir='ltr'><strong>sibi</strong></span> <span class='ocrx_word' id='word_1_13' title='bbox 1084 501 1358 598; x_wconf 86' lang='lat' dir='ltr'><strong>patricii</strong></span> <span class='ocrx_word' id='word_1_14' title='bbox 1381 499 1769 594; x_wconf 78' lang='lat' dir='ltr'><strong>quaesivere</strong></span> <span class='ocrx_word' id='word_1_15' title='bbox 1803 498 2117 571; x_wconf 85' lang='lat' dir='ltr'><strong>honores</strong></span> <span class='ocrx_word' id='word_1_16' title='bbox 2149 523 2283 597; x_wconf 89' lang='lat' dir='ltr'><strong>pro</strong></span> <span class='ocrx_word' id='word_1_17' title='bbox 2317 526 2490 574; x_wconf 91' lang='lat' dir='ltr'><strong>con-</strong></span> 
     </span>
     <span class='ocr_line' id='line_1_4' title="bbox 376 605 2492 711; baseline -0.001 -25"><span class='ocrx_word' id='word_1_18' title='bbox 376 637 579 686; x_wconf 89' lang='lat' dir='ltr'><strong>cesso</strong></span> <span class='ocrx_word' id='word_1_19' title='bbox 603 611 794 711; x_wconf 91' lang='lat' dir='ltr'><strong>plebi</strong></span> <span class='ocrx_word' id='word_1_20' title='bbox 815 611 1040 683; x_wconf 86' lang='lat' dir='ltr'><strong>altero</strong></span> <span class='ocrx_word' id='word_1_21' title='bbox 1066 610 1464 681; x_wconf 84' lang='lat' dir='ltr'><strong>consulatu.</strong></span> <span class='ocrx_word' id='word_1_22' title='bbox 1493 605 1743 679; x_wconf 76' lang='lat' dir='ltr'><strong>Plebes</strong></span> <span class='ocrx_word' id='word_1_23' title='bbox 1763 610 2210 680; x_wconf 87' lang='lat' dir='ltr'><strong>consulatum</strong></span> <span class='ocrx_word' id='word_1_24' title='bbox 2233 616 2312 682; x_wconf 92' lang='lat' dir='ltr'><strong>L.</strong></span> <span class='ocrx_word' id='word_1_25' title='bbox 2331 617 2492 683; x_wconf 87' lang='lat' dir='ltr'><strong>Sex-</strong></span> 
     </span>
     <span class='ocr_line' id='line_1_5' title="bbox 377 718 2492 817; baseline -0.001 -22"><span class='ocrx_word' id='word_1_26' title='bbox 377 727 515 813; x_wconf 89' lang='lat' dir='ltr'><strong>tio,</strong></span> <span class='ocrx_word' id='word_1_27' title='bbox 559 723 763 817; x_wconf 87' lang='lat' dir='ltr'><strong>cujus</strong></span> <span class='ocrx_word' id='word_1_28' title='bbox 806 721 962 815; x_wconf 88' lang='lat' dir='ltr'><strong>lege</strong></span> <span class='ocrx_word' id='word_1_29' title='bbox 1010 733 1258 817; x_wconf 86' lang='lat' dir='ltr'><strong>partus</strong></span> <span class='ocrx_word' id='word_1_30' title='bbox 1305 733 1490 808; x_wconf 88' lang='lat' dir='ltr'><strong>erat,</strong></span> <span class='ocrx_word' id='word_1_31' title='bbox 1532 718 1727 790; x_wconf 88' lang='lat' dir='ltr'>dedit</span> <span class='ocrx_word' id='word_1_32' title='bbox 1771 746 1785 788; x_wconf 73' lang='grc' dir='ltr'>ε</span> <span class='ocrx_word' id='word_1_33' title='bbox 1831 723 2070 790; x_wconf 90' lang='lat' dir='ltr'><strong>Patres</strong></span> <span class='ocrx_word' id='word_1_34' title='bbox 2111 735 2492 817; x_wconf 81' lang='lat' dir='ltr'><strong>praeturam</strong></span> 
     </span>
     <span class='ocr_line' id='line_1_6' title="bbox 368 829 2492 931; baseline 0.002 -31"><span class='ocrx_word' id='word_1_35' title='bbox 368 839 501 931; x_wconf 88' lang='lat' dir='ltr'><strong>.Sp.</strong></span> <span class='ocrx_word' id='word_1_36' title='bbox 527 836 741 904; x_wconf 89' lang='lat' dir='ltr'><strong>Furio</strong></span> <span class='ocrx_word' id='word_1_37' title='bbox 762 843 817 919; x_wconf 75' lang='lat'><strong>²,</strong></span> <span class='ocrx_word' id='word_1_38' title='bbox 854 836 948 901; x_wconf 91' lang='lat' dir='ltr'><strong>M.</strong></span> <span class='ocrx_word' id='word_1_39' title='bbox 991 829 1175 917; x_wconf 89' lang='lat' dir='ltr'><strong>filio,</strong></span> <span class='ocrx_word' id='word_1_40' title='bbox 1213 831 1545 915; x_wconf 86' lang='lat' dir='ltr'><strong>Camillo;</strong></span> <span class='ocrx_word' id='word_1_41' title='bbox 1585 829 1988 901; x_wconf 65' lang='lat' dir='ltr'><strong>aedilitatem</strong></span> <span class='ocrx_word' id='word_1_42' title='bbox 2025 835 2157 901; x_wconf 88' lang='lat' dir='ltr'><strong>Cn.</strong></span> <span class='ocrx_word' id='word_1_43' title='bbox 2193 834 2492 921; x_wconf 90' lang='lat' dir='ltr'><strong>Quintio</strong></span> 
     </span>
     <span class='ocr_line' id='line_1_7' title="bbox 379 942 2494 1041; baseline -0.001 -25"><span class='ocrx_word' id='word_1_44' title='bbox 379 945 788 1041; x_wconf 88' lang='lat' dir='ltr'><strong>Capitolino</strong></span> <span class='ocrx_word' id='word_1_45' title='bbox 825 957 897 1012; x_wconf 88' lang='lat' dir='ltr'><strong>et</strong></span> <span class='ocrx_word' id='word_1_46' title='bbox 929 947 1004 1012; x_wconf 90' lang='lat' dir='ltr'><strong>P.</strong></span> <span class='ocrx_word' id='word_1_47' title='bbox 1052 942 1384 1012; x_wconf 88' lang='lat' dir='ltr'><strong>Cornelio</strong></span> <span class='ocrx_word' id='word_1_48' title='bbox 1434 942 1790 1037; x_wconf 84' lang='lat' dir='ltr'><strong>Scipioni,</strong></span> <span class='ocrx_word' id='word_1_49' title='bbox 1832 967 2120 1012; x_wconf 88' lang='lat' dir='ltr'><strong>suarum</strong></span> <span class='ocrx_word' id='word_1_50' title='bbox 2172 945 2494 1040; x_wconf 88' lang='lat' dir='ltr'><strong>gentium</strong></span> 
     </span>
     <span class='ocr_line' id='line_1_8' title="bbox 377 1052 2498 1152; baseline -0 -26"><span class='ocrx_word' id='word_1_51' title='bbox 377 1057 578 1142; x_wconf 81' lang='lat' dir='ltr'><strong>viriS,</strong></span> <span class='ocrx_word' id='word_1_52' title='bbox 621 1054 1253 1152; x_wconf 56' lang='lat' dir='ltr'><strong>gratia&#39;campestri</strong></span> <span class='ocrx_word' id='word_1_53' title='bbox 1288 1068 1659 1150; x_wconf 89' lang='lat' dir='ltr'><strong>ceperunt.</strong></span> <span class='ocrx_word' id='word_1_54' title='bbox 1708 1058 1786 1123; x_wconf 91' lang='lat' dir='ltr'><strong>L.</strong></span> <span class='ocrx_word' id='word_1_55' title='bbox 1828 1053 2068 1123; x_wconf 86' lang='lat' dir='ltr'><strong>Sextio</strong></span> <span class='ocrx_word' id='word_1_56' title='bbox 2105 1052 2378 1150; x_wconf 86' lang='lat' dir='ltr'><strong>collega</strong></span> <span class='ocrx_word' id='word_1_57' title='bbox 2410 1080 2498 1125; x_wconf 81' lang='lat' dir='ltr'><strong>ex</strong></span> 
     </span>
     <span class='ocr_line' id='line_1_9' title="bbox 379 1163 2496 1262; baseline 0 -29"><span class='ocrx_word' id='word_1_58' title='bbox 379 1166 703 1236; x_wconf 87' lang='lat' dir='ltr'><strong>Patribus</strong></span> <span class='ocrx_word' id='word_1_59' title='bbox 728 1164 935 1235; x_wconf 85' lang='lat' dir='ltr'><strong>datus</strong></span> <span class='ocrx_word' id='word_1_60' title='bbox 952 1169 1030 1234; x_wconf 92' lang='lat' dir='ltr'><strong>L.</strong></span> <span class='ocrx_word' id='word_1_61' title='bbox 1059 1164 1374 1234; x_wconf 89' lang='lat' dir='ltr'><strong>AEmilius</strong></span> <span class='ocrx_word' id='word_1_62' title='bbox 1388 1165 1888 1234; x_wconf 83' lang='lat' dir='ltr'><strong>Mamercinus.</strong></span> <span class='ocrx_word' id='word_1_63' title='bbox 1910 1163 2273 1262; x_wconf 86' lang='lat' dir='ltr'><strong>Principio</strong></span> <span class='ocrx_word' id='word_1_64' title='bbox 2293 1165 2496 1254; x_wconf 91' lang='lat' dir='ltr'><strong>anni,</strong></span> 
     </span>
     <span class='ocr_line' id='line_1_10' title="bbox 381 1274 2497 1372; baseline 0 -27"><span class='ocrx_word' id='word_1_65' title='bbox 381 1289 453 1345; x_wconf 90' lang='lat' dir='ltr'><strong>et</strong></span> <span class='ocrx_word' id='word_1_66' title='bbox 485 1276 574 1347; x_wconf 91' lang='lat' dir='ltr'><strong>de</strong></span> <span class='ocrx_word' id='word_1_67' title='bbox 609 1276 861 1361; x_wconf 86' lang='lat' dir='ltr'><strong>Gallis,</strong></span> <span class='ocrx_word' id='word_1_68' title='bbox 894 1295 1078 1371; x_wconf 91' lang='lat' dir='ltr'><strong>quos</strong></span> <span class='ocrx_word' id='word_1_69' title='bbox 1106 1276 1337 1372; x_wconf 86' lang='lat' dir='ltr'><strong>primo</strong></span> <span class='ocrx_word' id='word_1_70' title='bbox 1371 1274 1645 1371; x_wconf 87' lang='lat' dir='ltr'><strong>palatos</strong></span> <span class='ocrx_word' id='word_1_71' title='bbox 1673 1297 1805 1369; x_wconf 88' lang='lat' dir='ltr'><strong>per</strong></span> <span class='ocrx_word' id='word_1_72' title='bbox 1834 1274 2165 1370; x_wconf 90' lang='lat' dir='ltr'><strong>Apuliam</strong></span> <span class='ocrx_word' id='word_1_73' title='bbox 2202 1298 2497 1371; x_wconf 88' lang='lat' dir='ltr'><strong>congre-</strong></span> 
     </span>
     <span class='ocr_line' id='line_1_11' title="bbox 381 1381 2496 1482; baseline 0 -28"><span class='ocrx_word' id='word_1_74' title='bbox 381 1386 531 1482; x_wconf 90' lang='lat' dir='ltr'><strong>gari</strong></span> <span class='ocrx_word' id='word_1_75' title='bbox 584 1385 730 1479; x_wconf 88' lang='lat' dir='ltr'><strong>jam</strong></span> <span class='ocrx_word' id='word_1_76' title='bbox 792 1383 977 1455; x_wconf 89' lang='lat' dir='ltr'><strong>fama</strong></span> <span class='ocrx_word' id='word_1_77' title='bbox 1038 1399 1187 1455; x_wconf 90' lang='lat' dir='ltr'><strong>erat</strong></span> <span class='ocrx_word' id='word_1_78' title='bbox 1207 1439 1225 1472; x_wconf 91' lang='lat'><strong>,</strong></span> <span class='ocrx_word' id='word_1_79' title='bbox 1273 1397 1343 1454; x_wconf 90' lang='lat' dir='ltr'><strong>et</strong></span> <span class='ocrx_word' id='word_1_80' title='bbox 1404 1382 1493 1453; x_wconf 91' lang='lat' dir='ltr'><strong>de</strong></span> <span class='ocrx_word' id='word_1_81' title='bbox 1559 1383 2040 1452; x_wconf 84' lang='lat' dir='ltr'><strong>Hernicorum</strong></span> <span class='ocrx_word' id='word_1_82' title='bbox 2095 1381 2496 1455; x_wconf 88' lang='lat' dir='ltr'><strong>defectione</strong></span> 
     </span>
     <span class='ocr_line' id='line_1_12' title="bbox 384 1491 2501 1591; baseline 0 -27"><span class='ocrx_word' id='word_1_83' title='bbox 384 1497 641 1591; x_wconf 87' lang='lat' dir='ltr'><strong>agitata</strong></span> <span class='ocrx_word' id='word_1_84' title='bbox 664 1497 954 1566; x_wconf 90' lang='lat' dir='ltr'><strong>menti0.</strong></span> <span class='ocrx_word' id='word_1_85' title='bbox 983 1497 1226 1584; x_wconf 90' lang='lat' dir='ltr'><strong>Quum</strong></span> <span class='ocrx_word' id='word_1_86' title='bbox 1251 1494 1341 1563; x_wconf 91' lang='lat' dir='ltr'><strong>de</strong></span> <span class='ocrx_word' id='word_1_87' title='bbox 1360 1491 1709 1563; x_wconf 86' lang='lat' dir='ltr'><strong>industria</strong></span> <span class='ocrx_word' id='word_1_88' title='bbox 1741 1494 2015 1580; x_wconf 90' lang='lat' dir='ltr'><strong>omnia,</strong></span> <span class='ocrx_word' id='word_1_89' title='bbox 2040 1519 2132 1565; x_wconf 92' lang='lat' dir='ltr'><strong>ne</strong></span> <span class='ocrx_word' id='word_1_90' title='bbox 2163 1493 2336 1589; x_wconf 83' lang='lat' dir='ltr'><strong>quid</strong></span> <span class='ocrx_word' id='word_1_91' title='bbox 2370 1519 2501 1591; x_wconf 88' lang='lat' dir='ltr'><strong>per</strong></span> 
     </span>
     <span class='ocr_line' id='line_1_13' title="bbox 386 1601 2501 1701; baseline 0.001 -27"><span class='ocrx_word' id='word_1_92' title='bbox 386 1603 745 1700; x_wconf 89' lang='lat' dir='ltr'><strong>plebeium</strong></span> <span class='ocrx_word' id='word_1_93' title='bbox 768 1605 1132 1675; x_wconf 89' lang='lat' dir='ltr'><strong>consulem</strong></span> <span class='ocrx_word' id='word_1_94' title='bbox 1157 1617 1516 1701; x_wconf 78' lang='lat' dir='ltr'><strong>ageretur,</strong></span> <span class='ocrx_word' id='word_1_95' title='bbox 1542 1601 2043 1700; x_wconf 86' lang='lat' dir='ltr'><strong>proferrentur</strong></span> <span class='ocrx_word' id='word_1_96' title='bbox 2060 1601 2115 1692; x_wconf 77' lang='lat'><strong>³,</strong></span> <span class='ocrx_word' id='word_1_97' title='bbox 2139 1606 2501 1676; x_wconf 86' lang='lat' dir='ltr'><strong>silentium</strong></span> 
     </span>
     <span class='ocr_line' id='line_1_14' title="bbox 387 1713 2499 1813; baseline 0.002 -30"><span class='ocrx_word' id='word_1_98' title='bbox 387 1715 710 1783; x_wconf 88' lang='lat' dir='ltr'><strong>omnium</strong></span> <span class='ocrx_word' id='word_1_99' title='bbox 735 1737 980 1785; x_wconf 83' lang='lat' dir='ltr'><strong>rerum</strong></span> <span class='ocrx_word' id='word_1_100' title='bbox 1008 1738 1087 1784; x_wconf 93' lang='lat' dir='ltr'><strong>ac</strong></span> <span class='ocrx_word' id='word_1_101' title='bbox 1102 1714 1378 1807; x_wconf 86' lang='lat' dir='ltr'><strong>justitio</strong></span> <span class='ocrx_word' id='word_1_102' title='bbox 1399 1714 1622 1783; x_wconf 88' lang='lat' dir='ltr'><strong>simile</strong></span> <span class='ocrx_word' id='word_1_103' title='bbox 1643 1715 1871 1784; x_wconf 90' lang='lat' dir='ltr'><strong>otium</strong></span> <span class='ocrx_word' id='word_1_104' title='bbox 1899 1713 2071 1802; x_wconf 81' lang='lat' dir='ltr'><strong>fuit;</strong></span> <span class='ocrx_word' id='word_1_105' title='bbox 2097 1717 2232 1787; x_wconf 91' lang='lat' dir='ltr'><strong>nisi</strong></span> <span class='ocrx_word' id='word_1_106' title='bbox 2264 1716 2460 1813; x_wconf 88' lang='lat' dir='ltr'><strong>quod</strong></span> <span class='ocrx_word' id='word_1_107' title='bbox 2480 1772 2499 1803; x_wconf 90' lang='lat'><strong>,</strong></span> 
     </span>
     <span class='ocr_line' id='line_1_15' title="bbox 387 1823 2500 1922; baseline 0.002 -30"><span class='ocrx_word' id='word_1_108' title='bbox 387 1847 539 1893; x_wconf 91' lang='lat' dir='ltr'><strong>non</strong></span> <span class='ocrx_word' id='word_1_109' title='bbox 581 1823 1013 1921; x_wconf 82' lang='lat' dir='ltr'><strong>patientibus</strong></span> <span class='ocrx_word' id='word_1_110' title='bbox 1055 1825 1347 1894; x_wconf 85' lang='lat' dir='ltr'><strong>tacitum</strong></span> <span class='ocrx_word' id='word_1_111' title='bbox 1387 1823 1691 1893; x_wconf 89' lang='lat' dir='ltr'><strong>tribunis</strong></span> <span class='ocrx_word' id='word_1_112' title='bbox 1703 1826 1759 1911; x_wconf 78' lang='lat'><strong>4,</strong></span> <span class='ocrx_word' id='word_1_113' title='bbox 1793 1824 1992 1921; x_wconf 86' lang='lat' dir='ltr'><strong>quod</strong></span> <span class='ocrx_word' id='word_1_114' title='bbox 2030 1850 2163 1922; x_wconf 92' lang='lat' dir='ltr'><strong>pro</strong></span> <span class='ocrx_word' id='word_1_115' title='bbox 2207 1826 2500 1897; x_wconf 88' lang='lat' dir='ltr'><strong>consule</strong></span> 
     </span>
     <span class='ocr_line' id='line_1_16' title="bbox 386 1934 2502 2032; baseline 0.002 -28"><span class='ocrx_word' id='word_1_116' title='bbox 386 1958 536 2004; x_wconf 92' lang='lat' dir='ltr'><strong>uno</strong></span> <span class='ocrx_word' id='word_1_117' title='bbox 568 1934 854 2032; x_wconf 89' lang='lat' dir='ltr'><strong>plebeio</strong></span> <span class='ocrx_word' id='word_1_118' title='bbox 885 1950 1027 2005; x_wconf 87' lang='lat' dir='ltr'><strong>tres</strong></span> <span class='ocrx_word' id='word_1_119' title='bbox 1055 1936 1392 2031; x_wconf 87' lang='lat' dir='ltr'><strong>patricios</strong></span> <span class='ocrx_word' id='word_1_120' title='bbox 1418 1936 1897 2029; x_wconf 77' lang='lat' dir='ltr'><strong>magistratUS,</strong></span> <span class='ocrx_word' id='word_1_121' title='bbox 1917 1936 2291 2007; x_wconf 88' lang='lat' dir='ltr'><strong>curulibus</strong></span> <span class='ocrx_word' id='word_1_122' title='bbox 2318 1937 2502 2008; x_wconf 90' lang='lat' dir='ltr'><strong>sellis</strong></span> 
     </span>
     <span class='ocr_line' id='line_1_17' title="bbox 388 2044 2563 2142; baseline 0.001 -26"><span class='ocrx_word' id='word_1_123' title='bbox 388 2060 841 2142; x_wconf 66' lang='lat' dir='ltr'><strong>praetextatos</strong></span> <span class='ocrx_word' id='word_1_124' title='bbox 874 2060 1218 2141; x_wconf 88' lang='lat' dir='ltr'><strong>tanquam</strong></span> <span class='ocrx_word' id='word_1_125' title='bbox 1251 2046 1578 2115; x_wconf 90' lang='lat' dir='ltr'><strong>consules</strong></span> <span class='ocrx_word' id='word_1_126' title='bbox 1618 2044 1980 2128; x_wconf 80' lang='lat' dir='ltr'><strong>sedentes,</strong></span> <span class='ocrx_word' id='word_1_127' title='bbox 2002 2045 2337 2117; x_wconf 90' lang='lat' dir='ltr'><strong>nobilitas</strong></span> <span class='ocrx_word' id='word_1_128' title='bbox 2367 2045 2502 2118; x_wconf 89' lang='lat' dir='ltr'><strong>sibi</strong></span> <span class='ocrx_word' id='word_1_129' title='bbox 2560 2123 2563 2124; x_wconf 13' lang='lat'><em>⁷</em></span> 
     </span>
     <span class='ocr_line' id='line_1_18' title="bbox 386 2154 2501 2252; baseline 0.001 -28"><span class='ocrx_word' id='word_1_130' title='bbox 386 2156 838 2251; x_wconf 76' lang='lat' dir='ltr'><strong>sumpsisset,</strong></span> <span class='ocrx_word' id='word_1_131' title='bbox 870 2169 1247 2252; x_wconf 86' lang='lat' dir='ltr'><strong>praetorem</strong></span> <span class='ocrx_word' id='word_1_132' title='bbox 1275 2154 1567 2250; x_wconf 89' lang='lat' dir='ltr'><strong>quidem</strong></span> <span class='ocrx_word' id='word_1_133' title='bbox 1609 2157 1820 2224; x_wconf 90' lang='lat' dir='ltr'><strong>etiam</strong></span> <span class='ocrx_word' id='word_1_134' title='bbox 1851 2156 2015 2251; x_wconf 87' lang='lat' dir='ltr'><strong>jura</strong></span> <span class='ocrx_word' id='word_1_135' title='bbox 2048 2156 2501 2245; x_wconf 86' lang='lat' dir='ltr'><strong>reddentem,</strong></span> 
     </span>
     <span class='ocr_line' id='line_1_19' title="bbox 389 2263 2503 2364; baseline 0.002 -30"><span class='ocrx_word' id='word_1_136' title='bbox 389 2280 461 2334; x_wconf 88' lang='lat' dir='ltr'><strong>et</strong></span> <span class='ocrx_word' id='word_1_137' title='bbox 496 2266 835 2364; x_wconf 85' lang='lat' dir='ltr'><strong>collegam</strong></span> <span class='ocrx_word' id='word_1_138' title='bbox 880 2263 1332 2351; x_wconf 79' lang='lat' dir='ltr'><strong>consulibuS,</strong></span> <span class='ocrx_word' id='word_1_139' title='bbox 1382 2279 1598 2361; x_wconf 88' lang='lat' dir='ltr'><strong>atque</strong></span> <span class='ocrx_word' id='word_1_140' title='bbox 1644 2264 1890 2336; x_wconf 89' lang='lat' dir='ltr'><strong>iisdem</strong></span> <span class='ocrx_word' id='word_1_141' title='bbox 1944 2267 2272 2363; x_wconf 87' lang='lat' dir='ltr'><strong>auspiciis</strong></span> <span class='ocrx_word' id='word_1_142' title='bbox 2313 2292 2503 2338; x_wconf 90' lang='lat' dir='ltr'><strong>crea-</strong></span> 
     </span>
     <span class='ocr_line' id='line_1_20' title="bbox 388 2374 2504 2472; baseline 0.002 -29"><span class='ocrx_word' id='word_1_143' title='bbox 388 2389 546 2444; x_wconf 87' lang='lat' dir='ltr'><strong>tum</strong></span> <span class='ocrx_word' id='word_1_144' title='bbox 564 2431 582 2463; x_wconf 91' lang='lat'><strong>,</strong></span> <span class='ocrx_word' id='word_1_145' title='bbox 608 2375 1043 2447; x_wconf 84' lang='lat' dir='ltr'><strong>verecundia</strong></span> <span class='ocrx_word' id='word_1_146' title='bbox 1068 2374 1238 2445; x_wconf 89' lang='lat' dir='ltr'><strong>inde</strong></span> <span class='ocrx_word' id='word_1_147' title='bbox 1264 2376 1597 2472; x_wconf 88' lang='lat' dir='ltr'><strong>imposita</strong></span> <span class='ocrx_word' id='word_1_148' title='bbox 1629 2388 1734 2445; x_wconf 86' lang='lat' dir='ltr'><strong>est</strong></span> <span class='ocrx_word' id='word_1_149' title='bbox 1756 2376 2034 2445; x_wconf 91' lang='lat' dir='ltr'><strong>senatui</strong></span> <span class='ocrx_word' id='word_1_150' title='bbox 2064 2401 2151 2446; x_wconf 86' lang='lat' dir='ltr'><strong>ex</strong></span> <span class='ocrx_word' id='word_1_151' title='bbox 2175 2376 2504 2448; x_wconf 84' lang='lat' dir='ltr'><strong>Patribus</strong></span> 
     </span>
    </p>
   </div>
   <div class='ocr_carea' id='block_1_4' title="bbox 390 2547 1418 4187">
    <p class='ocr_par' dir='ltr' id='par_1_4' title="bbox 390 2547 1405 2767">
     <span class='ocr_line' id='line_1_21' title="bbox 391 2547 1404 2612; baseline 0.002 -18"><span class='ocrx_word' id='word_1_152' title='bbox 391 2547 598 2594; x_wconf 85' lang='lat' dir='ltr'><strong>habebat</strong></span> <span class='ocrx_word' id='word_1_153' title='bbox 626 2549 833 2612; x_wconf 82' lang='lat' dir='ltr'><strong>proinde</strong></span> <span class='ocrx_word' id='word_1_154' title='bbox 859 2551 1095 2608; x_wconf 74' lang='lat' dir='ltr'><strong>maiorum</strong></span> <span class='ocrx_word' id='word_1_155' title='bbox 1119 2550 1404 2612; x_wconf 78' lang='lat' dir='ltr'><strong>imaginem3</strong></span> 
     </span>
     <span class='ocr_line' id='line_1_22' title="bbox 393 2623 1405 2690; baseline -0.002 -18"><span class='ocrx_word' id='word_1_156' title='bbox 393 2643 513 2674; x_wconf 79' lang='lat' dir='ltr'><strong>novo</strong></span> <span class='ocrx_word' id='word_1_157' title='bbox 536 2625 723 2672; x_wconf 78' lang='lat' dir='ltr'><strong>homini</strong></span> <span class='ocrx_word' id='word_1_158' title='bbox 746 2626 1087 2690; x_wconf 83' lang='lat' dir='ltr'><strong>opponebatur</strong></span> <span class='ocrx_word' id='word_1_159' title='bbox 1106 2627 1293 2673; x_wconf 79' lang='lat' dir='ltr'><strong>nobilis.</strong></span> <span class='ocrx_word' id='word_1_160' title='bbox 1311 2623 1405 2673; x_wconf 84' lang='lat' dir='ltr'><strong>En.</strong></span> 
     </span>
     <span class='ocr_line' id='line_1_23' title="bbox 390 2703 1348 2767; baseline 0 -16"><span class='ocrx_word' id='word_1_161' title='bbox 390 2705 764 2767; x_wconf 78' lang='lat' dir='ltr'><strong>-Quoesivere,</strong></span> <span class='ocrx_word' id='word_1_162' title='bbox 790 2703 904 2751; x_wconf 83' lang='lat' dir='ltr'><strong>vide</strong></span> <span class='ocrx_word' id='word_1_163' title='bbox 920 2703 983 2750; x_wconf 79' lang='lat' dir='ltr'><strong>ad</strong></span> <span class='ocrx_word' id='word_1_164' title='bbox 1001 2706 1075 2761; x_wconf 90' lang='lat'><strong>11,</strong></span> <span class='ocrx_word' id='word_1_165' title='bbox 1105 2705 1196 2762; x_wconf 73' lang='grc'><strong>43,</strong></span> <span class='ocrx_word' id='word_1_166' title='bbox 1223 2719 1273 2749; x_wconf 88' lang='lat' dir='ltr'><strong>n.</strong></span> <span class='ocrx_word' id='word_1_167' title='bbox 1301 2720 1348 2762; x_wconf 85' lang='lat'><strong>7.</strong></span> 
     </span>
    </p>

    <p class='ocr_par' dir='ltr' id='par_1_5' title="bbox 393 2781 1412 3869">
     <span class='ocr_line' id='line_1_24' title="bbox 462 2781 1406 2848; baseline -0.003 -17"><span class='ocrx_word' id='word_1_168' title='bbox 462 2801 510 2832; x_wconf 77' lang='lat'><strong>2.</strong></span> <span class='ocrx_word' id='word_1_169' title='bbox 543 2787 715 2831; x_wconf 80' lang='lat' dir='ltr'><strong>Patres</strong></span> <span class='ocrx_word' id='word_1_170' title='bbox 735 2794 1004 2848; x_wconf 81' lang='lat' dir='ltr'><strong>proeeuram</strong></span> <span class='ocrx_word' id='word_1_171' title='bbox 1035 2782 1114 2845; x_wconf 90' lang='lat' dir='ltr'><strong>Sp.</strong></span> <span class='ocrx_word' id='word_1_172' title='bbox 1142 2783 1288 2828; x_wconf 80' lang='lat' dir='ltr'><strong>Furio</strong></span> <span class='ocrx_word' id='word_1_173' title='bbox 1309 2781 1406 2846; x_wconf 88' lang='lat' dir='ltr'><strong>(cf.</strong></span> 
     </span>
     <span class='ocr_line' id='line_1_25' title="bbox 394 2851 1406 2932; baseline -0.009 -19"><span class='ocrx_word' id='word_1_174' title='bbox 394 2865 563 2913; x_wconf 83' lang='lat' dir='ltr'><strong>Suidas</strong></span> <span class='ocrx_word' id='word_1_175' title='bbox 588 2883 636 2912; x_wconf 85' lang='lat' dir='ltr'><strong>v.</strong></span> <span class='ocrx_word' id='word_1_176' title='bbox 664 2851 912 2932; x_wconf 78' lang='grc' dir='ltr'>Πραίτωρ)</span> <span class='ocrx_word' id='word_1_177' title='bbox 927 2899 940 2911; x_wconf 93' lang='grc'><strong>.</strong></span> <span class='ocrx_word' id='word_1_178' title='bbox 953 2897 966 2909; x_wconf 91' lang='grc'><strong>.</strong></span> <span class='ocrx_word' id='word_1_179' title='bbox 981 2897 994 2909; x_wconf 92' lang='grc'><strong>.</strong></span> <span class='ocrx_word' id='word_1_180' title='bbox 1020 2860 1188 2926; x_wconf 80' lang='lat' dir='ltr'><strong>gratia</strong></span> <span class='ocrx_word' id='word_1_181' title='bbox 1217 2876 1406 2922; x_wconf 86' lang='lat' dir='ltr'><strong>campe-</strong></span> 
     </span>
     <span class='ocr_line' id='line_1_26' title="bbox 394 2939 1408 3009; baseline -0.005 -18"><span class='ocrx_word' id='word_1_182' title='bbox 394 2946 481 2992; x_wconf 80' lang='lat' dir='ltr'><strong>stri</strong></span> <span class='ocrx_word' id='word_1_183' title='bbox 518 2943 700 3009; x_wconf 71' lang='lat' dir='ltr'><strong>(gratia</strong></span> <span class='ocrx_word' id='word_1_184' title='bbox 735 2959 820 2990; x_wconf 86' lang='lat' dir='ltr'><strong>sua</strong></span> <span class='ocrx_word' id='word_1_185' title='bbox 858 2940 990 3006; x_wconf 84' lang='lat' dir='ltr'><strong>apud</strong></span> <span class='ocrx_word' id='word_1_186' title='bbox 1024 2939 1262 3006; x_wconf 87' lang='lat' dir='ltr'><strong>populum</strong></span> <span class='ocrx_word' id='word_1_187' title='bbox 1299 2939 1408 2987; x_wconf 79' lang='lat' dir='ltr'><strong>arti-</strong></span> 
     </span>
     <span class='ocr_line' id='line_1_27' title="bbox 393 3018 1407 3087; baseline -0.003 -19"><span class='ocrx_word' id='word_1_188' title='bbox 393 3021 578 3086; x_wconf 84' lang='lat' dir='ltr'><strong>busque</strong></span> <span class='ocrx_word' id='word_1_189' title='bbox 591 3024 643 3071; x_wconf 81' lang='lat' dir='ltr'><strong>in</strong></span> <span class='ocrx_word' id='word_1_190' title='bbox 656 3038 828 3087; x_wconf 85' lang='lat' dir='ltr'><strong>campo</strong></span> <span class='ocrx_word' id='word_1_191' title='bbox 842 3019 1023 3068; x_wconf 81' lang='lat' dir='ltr'><strong>Martio</strong></span> <span class='ocrx_word' id='word_1_192' title='bbox 1037 3018 1169 3085; x_wconf 84' lang='lat' dir='ltr'><strong>apud</strong></span> <span class='ocrx_word' id='word_1_193' title='bbox 1181 3018 1407 3082; x_wconf 81' lang='lat' dir='ltr'><strong>suffragia</strong></span> 
     </span>
     <span class='ocr_line' id='line_1_28' title="bbox 396 3098 1408 3157; baseline -0.002 -10"><span class='ocrx_word' id='word_1_194' title='bbox 396 3100 601 3149; x_wconf 77' lang='lat' dir='ltr'><strong>ferentes</strong></span> <span class='ocrx_word' id='word_1_195' title='bbox 644 3101 863 3150; x_wconf 84' lang='lat' dir='ltr'><strong>adhiberi</strong></span> <span class='ocrx_word' id='word_1_196' title='bbox 907 3100 1063 3147; x_wconf 86' lang='lat' dir='ltr'><strong>solitis</strong></span> <span class='ocrx_word' id='word_1_197' title='bbox 1081 3134 1095 3157; x_wconf 92' lang='lat'><strong>,</strong></span> <span class='ocrx_word' id='word_1_198' title='bbox 1132 3098 1315 3146; x_wconf 80' lang='lat' dir='ltr'><strong>Stroth.</strong></span> <span class='ocrx_word' id='word_1_199' title='bbox 1353 3110 1408 3145; x_wconf 88' lang='lat' dir='ltr'><strong>ut</strong></span> 
     </span>
     <span class='ocr_line' id='line_1_29' title="bbox 397 3177 1407 3243; baseline 0 -19"><span class='ocrx_word' id='word_1_200' title='bbox 397 3192 659 3241; x_wconf 78' lang='lat' dir='ltr'><strong>campestre</strong></span> <span class='ocrx_word' id='word_1_201' title='bbox 682 3191 919 3226; x_wconf 79' lang='lat' dir='ltr'><strong>certamen</strong></span> <span class='ocrx_word' id='word_1_202' title='bbox 953 3180 1182 3236; x_wconf 87' lang='lat' dir='ltr'><strong>XXXII,</strong></span> <span class='ocrx_word' id='word_1_203' title='bbox 1209 3193 1256 3237; x_wconf 90' lang='lat'><strong>7,</strong></span> <span class='ocrx_word' id='word_1_204' title='bbox 1274 3194 1324 3224; x_wconf 87' lang='lat' dir='ltr'><strong>n.</strong></span> <span class='ocrx_word' id='word_1_205' title='bbox 1348 3177 1407 3243; x_wconf 85' lang='grc'><strong>5)</strong></span> 
     </span>
     <span class='ocr_line' id='line_1_30' title="bbox 399 3258 1408 3322; baseline 0 -19"><span class='ocrx_word' id='word_1_206' title='bbox 399 3269 649 3322; x_wconf 79' lang='lat' dir='ltr'><strong>ceperunt,</strong></span> <span class='ocrx_word' id='word_1_207' title='bbox 693 3259 957 3305; x_wconf 79' lang='lat' dir='ltr'><strong>effecerunt</strong></span> <span class='ocrx_word' id='word_1_208' title='bbox 999 3268 1053 3304; x_wconf 88' lang='lat' dir='ltr'><strong>ut</strong></span> <span class='ocrx_word' id='word_1_209' title='bbox 1094 3258 1176 3305; x_wconf 87' lang='lat' dir='ltr'><strong>ille</strong></span> <span class='ocrx_word' id='word_1_210' title='bbox 1217 3268 1408 3320; x_wconf 84' lang='lat' dir='ltr'><strong>caperet</strong></span> 
     </span>
     <span class='ocr_line' id='line_1_31' title="bbox 398 3334 1412 3401; baseline -0.001 -19"><span class='ocrx_word' id='word_1_211' title='bbox 398 3335 505 3401; x_wconf 82' lang='lat' dir='ltr'><strong>(vel</strong></span> <span class='ocrx_word' id='word_1_212' title='bbox 530 3347 585 3383; x_wconf 87' lang='lat' dir='ltr'><strong>ut</strong></span> <span class='ocrx_word' id='word_1_213' title='bbox 616 3351 707 3382; x_wconf 89' lang='lat' dir='ltr'><strong>nos</strong></span> <span class='ocrx_word' id='word_1_214' title='bbox 741 3337 839 3383; x_wconf 81' lang='lat' dir='ltr'><strong>fere</strong></span> <span class='ocrx_word' id='word_1_215' title='bbox 876 3336 1082 3383; x_wconf 81' lang='lat' dir='ltr'><strong>dicimus</strong></span> <span class='ocrx_word' id='word_1_216' title='bbox 1108 3350 1121 3383; x_wconf 72' lang='grc' dir='ltr'>ε</span> <span class='ocrx_word' id='word_1_217' title='bbox 1156 3347 1305 3383; x_wconf 76' lang='lat' dir='ltr'><strong>etwas</strong></span> <span class='ocrx_word' id='word_1_218' title='bbox 1315 3334 1412 3399; x_wconf 73' lang='lat' dir='ltr'><strong>fiir</strong></span> 
     </span>
     <span class='ocr_line' id='line_1_32' title="bbox 399 3413 1409 3477; baseline -0.001 -16"><span class='ocrx_word' id='word_1_219' title='bbox 399 3413 612 3461; x_wconf 77' lang='lat' dir='ltr'><strong>Jemand</strong></span> <span class='ocrx_word' id='word_1_220' title='bbox 624 3413 836 3460; x_wconf 78' lang='lat' dir='ltr'><strong>erhalten</strong></span> <span class='ocrx_word' id='word_1_221' title='bbox 851 3414 894 3476; x_wconf 88' lang='lat'><strong>)‚</strong></span> <span class='ocrx_word' id='word_1_222' title='bbox 920 3424 976 3460; x_wconf 86' lang='lat' dir='ltr'><strong>ut</strong></span> <span class='ocrx_word' id='word_1_223' title='bbox 1002 3414 1151 3477; x_wconf 84' lang='lat' dir='ltr'><strong>paulo</strong></span> <span class='ocrx_word' id='word_1_224' title='bbox 1179 3426 1291 3461; x_wconf 86' lang='lat' dir='ltr'><strong>ante</strong></span> <span class='ocrx_word' id='word_1_225' title='bbox 1303 3415 1409 3477; x_wconf 82' lang='lat' dir='ltr'><strong>ple-</strong></span> 
     </span>
     <span class='ocr_line' id='line_1_33' title="bbox 400 3490 1410 3555; baseline -0.002 -15"><span class='ocrx_word' id='word_1_226' title='bbox 400 3493 479 3540; x_wconf 76' lang='lat' dir='ltr'><strong>bes</strong></span> <span class='ocrx_word' id='word_1_227' title='bbox 497 3492 797 3540; x_wconf 80' lang='lat' dir='ltr'><strong>consulatum</strong></span> <span class='ocrx_word' id='word_1_228' title='bbox 818 3491 981 3537; x_wconf 71' lang='lat' dir='ltr'><strong>Sextio</strong></span> <span class='ocrx_word' id='word_1_229' title='bbox 1002 3490 1139 3537; x_wconf 79' lang='lat' dir='ltr'><strong>dedic</strong></span> <span class='ocrx_word' id='word_1_230' title='bbox 1153 3508 1269 3555; x_wconf 88' lang='lat' dir='ltr'><strong>pro,</strong></span> <span class='ocrx_word' id='word_1_231' title='bbox 1295 3492 1410 3538; x_wconf 78' lang='lat' dir='ltr'><strong>effe-</strong></span> 
     </span>
     <span class='ocr_line' id='line_1_34' title="bbox 400 3568 1410 3628; baseline 0 -10"><span class='ocrx_word' id='word_1_232' title='bbox 400 3572 470 3618; x_wconf 87' lang='lat' dir='ltr'><strong>cit</strong></span> <span class='ocrx_word' id='word_1_233' title='bbox 494 3582 548 3619; x_wconf 83' lang='lat' dir='ltr'><strong>ut</strong></span> <span class='ocrx_word' id='word_1_234' title='bbox 570 3571 615 3617; x_wconf 86' lang='lat' dir='ltr'><strong>ei</strong></span> <span class='ocrx_word' id='word_1_235' title='bbox 638 3570 916 3617; x_wconf 84' lang='lat' dir='ltr'><strong>consulatus</strong></span> <span class='ocrx_word' id='word_1_236' title='bbox 942 3568 1161 3628; x_wconf 79' lang='lat' dir='ltr'><strong>daretur3</strong></span> <span class='ocrx_word' id='word_1_237' title='bbox 1190 3571 1410 3619; x_wconf 87' lang='lat' dir='ltr'><strong>Gronov.</strong></span> 
     </span>
     <span class='ocr_line' id='line_1_35' title="bbox 400 3649 1411 3712; baseline -0.002 -14"><span class='ocrx_word' id='word_1_238' title='bbox 400 3649 631 3698; x_wconf 80' lang='lat' dir='ltr'><strong>Similiter</strong></span> <span class='ocrx_word' id='word_1_239' title='bbox 656 3649 917 3705; x_wconf 83' lang='lat' dir='ltr'><strong>XXXIX,</strong></span> <span class='ocrx_word' id='word_1_240' title='bbox 956 3663 1013 3706; x_wconf 81' lang='lat'><strong>2,</strong></span> <span class='ocrx_word' id='word_1_241' title='bbox 1053 3649 1222 3694; x_wconf 83' lang='lat' dir='ltr'><strong>consul</strong></span> <span class='ocrx_word' id='word_1_242' title='bbox 1234 3665 1411 3712; x_wconf 84' lang='lat' dir='ltr'><strong>pacem</strong></span> 
     </span>
     <span class='ocr_line' id='line_1_36' title="bbox 400 3726 1410 3796; baseline 0 -21"><span class='ocrx_word' id='word_1_243' title='bbox 400 3726 799 3796; x_wconf 78' lang='lat' dir='ltr'><strong>deditfinitimis,</strong></span> <span class='ocrx_word' id='word_1_244' title='bbox 828 3727 992 3774; x_wconf 82' lang='lat' dir='ltr'><strong>effecit</strong></span> <span class='ocrx_word' id='word_1_245' title='bbox 1007 3760 1021 3781; x_wconf 95' lang='lat'><strong>,</strong></span> <span class='ocrx_word' id='word_1_246' title='bbox 1052 3737 1108 3773; x_wconf 88' lang='lat' dir='ltr'><strong>ut</strong></span> <span class='ocrx_word' id='word_1_247' title='bbox 1132 3728 1193 3773; x_wconf 89' lang='lat' dir='ltr'><strong>iis</strong></span> <span class='ocrx_word' id='word_1_248' title='bbox 1218 3744 1316 3792; x_wconf 81' lang='lat' dir='ltr'><strong>pax</strong></span> <span class='ocrx_word' id='word_1_249' title='bbox 1337 3744 1410 3775; x_wconf 80' lang='lat' dir='ltr'><strong>es-</strong></span> 
     </span>
     <span class='ocr_line' id='line_1_37' title="bbox 401 3804 1239 3869; baseline -0.005 -14"><span class='ocrx_word' id='word_1_250' title='bbox 401 3819 499 3867; x_wconf 83' lang='lat' dir='ltr'><strong>set,</strong></span> <span class='ocrx_word' id='word_1_251' title='bbox 525 3823 586 3854; x_wconf 90' lang='lat' dir='ltr'><strong>ne</strong></span> <span class='ocrx_word' id='word_1_252' title='bbox 610 3817 898 3855; x_wconf 82' lang='lat' dir='ltr'><strong>vexarentur</strong></span> <span class='ocrx_word' id='word_1_253' title='bbox 920 3822 948 3853; x_wconf 90' lang='lat' dir='ltr'><strong>a</strong></span> <span class='ocrx_word' id='word_1_254' title='bbox 969 3804 1239 3869; x_wconf 77' lang='lat' dir='ltr'><strong>Liguribus.</strong></span> 
     </span>
    </p>

    <p class='ocr_par' dir='ltr' id='par_1_6' title="bbox 403 3884 1417 4101">
     <span class='ocr_line' id='line_1_38' title="bbox 476 3884 1417 3950; baseline -0.001 -17"><span class='ocrx_word' id='word_1_255' title='bbox 476 3888 524 3934; x_wconf 83' lang='lat'><strong>3.</strong></span> <span class='ocrx_word' id='word_1_256' title='bbox 550 3888 704 3948; x_wconf 83' lang='lat' dir='ltr'><strong>Quum</strong></span> <span class='ocrx_word' id='word_1_257' title='bbox 724 3886 784 3932; x_wconf 88' lang='lat' dir='ltr'><strong>de</strong></span> <span class='ocrx_word' id='word_1_258' title='bbox 801 3884 1039 3932; x_wconf 78' lang='lat' dir='ltr'><strong>industria</strong></span> <span class='ocrx_word' id='word_1_259' title='bbox 1058 3884 1222 3931; x_wconf 83' lang='lat' dir='ltr'><strong>omnia</strong></span> <span class='ocrx_word' id='word_1_260' title='bbox 1232 3884 1417 3950; x_wconf 85' lang='lat' dir='ltr'><strong>profer-</strong></span> 
     </span>
     <span class='ocr_line' id='line_1_39' title="bbox 403 3963 1415 4021; baseline 0 -11"><span class='ocrx_word' id='word_1_261' title='bbox 403 3977 583 4021; x_wconf 81' lang='lat' dir='ltr'><strong>rentur,</strong></span> <span class='ocrx_word' id='word_1_262' title='bbox 608 3965 719 4013; x_wconf 83' lang='lat' dir='ltr'><strong>vide</strong></span> <span class='ocrx_word' id='word_1_263' title='bbox 739 3963 801 4011; x_wconf 82' lang='lat' dir='ltr'><strong>ad</strong></span> <span class='ocrx_word' id='word_1_264' title='bbox 818 3966 919 4021; x_wconf 82' lang='lat' dir='ltr'><strong>IIL,</strong></span> <span class='ocrx_word' id='word_1_265' title='bbox 943 3978 1036 4021; x_wconf 78' lang='lat'><strong>20,</strong></span> <span class='ocrx_word' id='word_1_266' title='bbox 1060 3979 1110 4009; x_wconf 87' lang='lat' dir='ltr'><strong>n.</strong></span> <span class='ocrx_word' id='word_1_267' title='bbox 1135 3963 1415 4020; x_wconf 81' lang='lat' dir='ltr'><strong>7.-—Justi-</strong></span> 
     </span>
     <span class='ocr_line' id='line_1_40' title="bbox 407 4043 1082 4101; baseline -0.004 -10"><span class='ocrx_word' id='word_1_268' title='bbox 407 4044 500 4101; x_wconf 81' lang='lat' dir='ltr'><strong>tio,</strong></span> <span class='ocrx_word' id='word_1_269' title='bbox 524 4044 638 4091; x_wconf 82' lang='lat' dir='ltr'><strong>vide</strong></span> <span class='ocrx_word' id='word_1_270' title='bbox 663 4043 725 4090; x_wconf 84' lang='lat' dir='ltr'><strong>ad</strong></span> <span class='ocrx_word' id='word_1_271' title='bbox 752 4044 859 4101; x_wconf 91' lang='lat'><strong>111,</strong></span> <span class='ocrx_word' id='word_1_272' title='bbox 885 4044 940 4100; x_wconf 82' lang='lat'><strong>3,</strong></span> <span class='ocrx_word' id='word_1_273' title='bbox 962 4057 1011 4088; x_wconf 91' lang='lat' dir='ltr'><strong>n.</strong></span> <span class='ocrx_word' id='word_1_274' title='bbox 1040 4057 1082 4088; x_wconf 88' lang='lat'><strong>1.</strong></span> 
     </span>
    </p>

    <p class='ocr_par' dir='ltr' id='par_1_7' title="bbox 479 4120 1418 4187">
     <span class='ocr_line' id='line_1_41' title="bbox 479 4120 1418 4187; baseline -0.002 -19"><span class='ocrx_word' id='word_1_275' title='bbox 479 4131 524 4177; x_wconf 75' lang='grc'><strong>4.</strong></span> <span class='ocrx_word' id='word_1_276' title='bbox 545 4125 655 4170; x_wconf 83' lang='lat' dir='ltr'><strong>Non</strong></span> <span class='ocrx_word' id='word_1_277' title='bbox 668 4120 962 4187; x_wconf 79' lang='lat' dir='ltr'><strong>patientibus</strong></span> <span class='ocrx_word' id='word_1_278' title='bbox 978 4120 1176 4169; x_wconf 77' lang='lat' dir='ltr'><strong>tacitum</strong></span> <span class='ocrx_word' id='word_1_279' title='bbox 1195 4120 1394 4167; x_wconf 77' lang='lat' dir='ltr'><strong>tribunis</strong></span> <span class='ocrx_word' id='word_1_280' title='bbox 1407 4156 1418 4174; x_wconf 84' lang='lat'>‚</span> 
     </span>
    </p>
   </div>
   <div class='ocr_carea' id='block_1_5' title="bbox 1490 2549 2514 3796">
    <p class='ocr_par' dir='ltr' id='par_1_8' title="bbox 1490 2549 2514 3796">
     <span class='ocr_line' id='line_1_42' title="bbox 1492 2549 2511 2612; baseline 0.008 -18"><span class='ocrx_word' id='word_1_281' title='bbox 1492 2549 1607 2595; x_wconf 79' lang='lat' dir='ltr'><strong>vide</strong></span> <span class='ocrx_word' id='word_1_282' title='bbox 1624 2549 1685 2596; x_wconf 84' lang='lat' dir='ltr'><strong>ad</strong></span> <span class='ocrx_word' id='word_1_283' title='bbox 1704 2552 1728 2595; x_wconf 90' lang='lat'>1</span> <span class='ocrx_word' id='word_1_284' title='bbox 1745 2584 1760 2608; x_wconf 92' lang='lat'><strong>,</strong></span> <span class='ocrx_word' id='word_1_285' title='bbox 1784 2550 1874 2608; x_wconf 82' lang='lat'><strong>50,</strong></span> <span class='ocrx_word' id='word_1_286' title='bbox 1894 2568 1945 2599; x_wconf 85' lang='lat' dir='ltr'><strong>u.</strong></span> <span class='ocrx_word' id='word_1_287' title='bbox 1972 2567 2018 2612; x_wconf 79' lang='lat'><strong>7.</strong></span> <span class='ocrx_word' id='word_1_288' title='bbox 2035 2579 2107 2589; x_wconf 89' lang='lat'><strong>·-</strong></span> <span class='ocrx_word' id='word_1_289' title='bbox 2123 2555 2390 2602; x_wconf 78' lang='lat' dir='ltr'><strong>Ptoecorem</strong></span> <span class='ocrx_word' id='word_1_290' title='bbox 2407 2557 2511 2602; x_wconf 81' lang='lat' dir='ltr'><strong>col·</strong></span> 
     </span>
     <span class='ocr_line' id='line_1_43' title="bbox 1494 2626 2510 2697; baseline 0.008 -25"><span class='ocrx_word' id='word_1_291' title='bbox 1494 2626 1653 2690; x_wconf 79' lang='lat' dir='ltr'><strong>legam</strong></span> <span class='ocrx_word' id='word_1_292' title='bbox 1683 2629 1950 2676; x_wconf 82' lang='lat' dir='ltr'><strong>consulibus</strong></span> <span class='ocrx_word' id='word_1_293' title='bbox 1981 2642 2128 2694; x_wconf 85' lang='lat' dir='ltr'><strong>atque</strong></span> <span class='ocrx_word' id='word_1_294' title='bbox 2153 2632 2321 2679; x_wconf 79' lang='lat' dir='ltr'><strong>iisdem</strong></span> <span class='ocrx_word' id='word_1_295' title='bbox 2346 2633 2510 2697; x_wconf 81' lang='lat' dir='ltr'><strong>auspi·</strong></span> 
     </span>
     <span class='ocr_line' id='line_1_44' title="bbox 1492 2705 2508 2773; baseline 0.011 -25"><span class='ocrx_word' id='word_1_296' title='bbox 1492 2705 1580 2750; x_wconf 78' lang='lat' dir='ltr'><strong>ciis</strong></span> <span class='ocrx_word' id='word_1_297' title='bbox 1603 2717 1833 2752; x_wconf 81' lang='lat' dir='ltr'><strong>creatum.</strong></span> <span class='ocrx_word' id='word_1_298' title='bbox 1854 2733 1926 2743; x_wconf 91' lang='lat'><strong>—-</strong></span> <span class='ocrx_word' id='word_1_299' title='bbox 1946 2708 2066 2755; x_wconf 89' lang='lat' dir='ltr'><strong>Ideo</strong></span> <span class='ocrx_word' id='word_1_300' title='bbox 2088 2711 2271 2773; x_wconf 80' lang='lat' dir='ltr'><strong>collega</strong></span> <span class='ocrx_word' id='word_1_301' title='bbox 2294 2712 2508 2758; x_wconf 80' lang='lat' dir='ltr'><strong>consuli-</strong></span> 
     </span>
     <span class='ocr_line' id='line_1_45' title="bbox 1490 2781 2506 2851; baseline 0.01 -24"><span class='ocrx_word' id='word_1_302' title='bbox 1490 2781 1585 2827; x_wconf 82' lang='lat' dir='ltr'><strong>lms</strong></span> <span class='ocrx_word' id='word_1_303' title='bbox 1629 2782 1880 2830; x_wconf 76' lang='lat' dir='ltr'><strong>dicebatur</strong></span> <span class='ocrx_word' id='word_1_304' title='bbox 1926 2797 2133 2848; x_wconf 79' lang='lat' dir='ltr'><strong>praetor‚</strong></span> <span class='ocrx_word' id='word_1_305' title='bbox 2172 2789 2286 2851; x_wconf 84' lang='lat' dir='ltr'><strong>quia</strong></span> <span class='ocrx_word' id='word_1_306' title='bbox 2332 2790 2506 2837; x_wconf 85' lang='lat' dir='ltr'><strong>iisdem</strong></span> 
     </span>
     <span class='ocr_line' id='line_1_46' title="bbox 1493 2860 2505 2931; baseline 0.012 -27"><span class='ocrx_word' id='word_1_307' title='bbox 1493 2860 1723 2922; x_wconf 79' lang='lat' dir='ltr'><strong>auspiciis</strong></span> <span class='ocrx_word' id='word_1_308' title='bbox 1750 2861 2000 2909; x_wconf 82' lang='lat' dir='ltr'><strong>creabatur</strong></span> <span class='ocrx_word' id='word_1_309' title='bbox 2015 2898 2029 2921; x_wconf 90' lang='lat'><strong>,</strong></span> <span class='ocrx_word' id='word_1_310' title='bbox 2050 2875 2103 2911; x_wconf 90' lang='lat' dir='ltr'><strong>ut</strong></span> <span class='ocrx_word' id='word_1_311' title='bbox 2136 2864 2281 2931; x_wconf 70' lang='lat' dir='ltr'><strong>docet</strong></span> <span class='ocrx_word' id='word_1_312' title='bbox 2298 2868 2505 2916; x_wconf 80' lang='lat' dir='ltr'><strong>Messala</strong></span> 
     </span>
     <span class='ocr_line' id='line_1_47' title="bbox 1492 2937 2507 3000; baseline 0.009 -16"><span class='ocrx_word' id='word_1_313' title='bbox 1492 2937 1624 3000; x_wconf 80' lang='lat' dir='ltr'><strong>apud</strong></span> <span class='ocrx_word' id='word_1_314' title='bbox 1638 2937 1848 2985; x_wconf 88' lang='lat' dir='ltr'><strong>Gellium</strong></span> <span class='ocrx_word' id='word_1_315' title='bbox 1860 2972 1874 2996; x_wconf 97' lang='lat'><strong>,</strong></span> <span class='ocrx_word' id='word_1_316' title='bbox 1891 2941 2017 2986; x_wconf 87' lang='lat' dir='ltr'><strong>XIII</strong></span> <span class='ocrx_word' id='word_1_317' title='bbox 2028 2974 2042 2997; x_wconf 94' lang='lat'><strong>,</strong></span> <span class='ocrx_word' id='word_1_318' title='bbox 2064 2958 2080 2986; x_wconf 79' lang='grc' dir='ltr'><strong>ι</strong></span> <span class='ocrx_word' id='word_1_319' title='bbox 2094 2950 2139 2996; x_wconf 81' lang='grc'><strong>4.</strong></span> <span class='ocrx_word' id='word_1_320' title='bbox 2156 2943 2334 2990; x_wconf 86' lang='lat' dir='ltr'><strong>Iisdem</strong></span> <span class='ocrx_word' id='word_1_321' title='bbox 2347 2956 2507 2993; x_wconf 88' lang='lat' dir='ltr'><strong>autem</strong></span> 
     </span>
     <span class='ocr_line' id='line_1_48' title="bbox 1493 3016 2509 3079; baseline 0.01 -17"><span class='ocrx_word' id='word_1_322' title='bbox 1493 3016 1722 3079; x_wconf 79' lang='lat' dir='ltr'><strong>auspiciis</strong></span> <span class='ocrx_word' id='word_1_323' title='bbox 1735 3017 1909 3076; x_wconf 87' lang='lat' dir='ltr'><strong>creari,</strong></span> <span class='ocrx_word' id='word_1_324' title='bbox 1928 3033 2027 3064; x_wconf 90' lang='lat' dir='ltr'><strong>non</strong></span> <span class='ocrx_word' id='word_1_325' title='bbox 2047 3030 2119 3066; x_wconf 87' lang='lat' dir='ltr'><strong>est</strong></span> <span class='ocrx_word' id='word_1_326' title='bbox 2136 3020 2307 3068; x_wconf 83' lang='lat' dir='ltr'><strong>iisdem</strong></span> <span class='ocrx_word' id='word_1_327' title='bbox 2322 3034 2509 3071; x_wconf 85' lang='lat' dir='ltr'><strong>tantum</strong></span> 
     </span>
     <span class='ocr_line' id='line_1_49' title="bbox 1495 3094 2508 3163; baseline 0.01 -23"><span class='ocrx_word' id='word_1_328' title='bbox 1495 3094 1705 3142; x_wconf 85' lang='lat' dir='ltr'><strong>comitiis</strong></span> <span class='ocrx_word' id='word_1_329' title='bbox 1721 3130 1735 3154; x_wconf 89' lang='lat'><strong>,</strong></span> <span class='ocrx_word' id='word_1_330' title='bbox 1761 3095 1845 3142; x_wconf 87' lang='lat' dir='ltr'><strong>sed</strong></span> <span class='ocrx_word' id='word_1_331' title='bbox 1867 3096 2011 3142; x_wconf 83' lang='lat' dir='ltr'><strong>etiam</strong></span> <span class='ocrx_word' id='word_1_332' title='bbox 2037 3100 2263 3163; x_wconf 80' lang='lat' dir='ltr'><strong>captatis,</strong></span> <span class='ocrx_word' id='word_1_333' title='bbox 2292 3112 2349 3148; x_wconf 86' lang='lat' dir='ltr'><strong>ut</strong></span> <span class='ocrx_word' id='word_1_334' title='bbox 2373 3102 2508 3150; x_wconf 83' lang='lat' dir='ltr'><strong>vide-</strong></span> 
     </span>
     <span class='ocr_line' id='line_1_50' title="bbox 1497 3174 2507 3246; baseline 0.009 -25"><span class='ocrx_word' id='word_1_335' title='bbox 1497 3186 1600 3233; x_wconf 86' lang='lat' dir='ltr'><strong>tur,</strong></span> <span class='ocrx_word' id='word_1_336' title='bbox 1633 3174 1805 3223; x_wconf 88' lang='lat' dir='ltr'><strong>eodem</strong></span> <span class='ocrx_word' id='word_1_337' title='bbox 1843 3175 1991 3222; x_wconf 87' lang='lat' dir='ltr'><strong>modo</strong></span> <span class='ocrx_word' id='word_1_338' title='bbox 2039 3193 2095 3223; x_wconf 86' lang='lat' dir='ltr'><strong>ac</strong></span> <span class='ocrx_word' id='word_1_339' title='bbox 2135 3179 2232 3225; x_wconf 87' lang='lat' dir='ltr'><strong>ritu</strong></span> <span class='ocrx_word' id='word_1_340' title='bbox 2278 3182 2507 3246; x_wconf 78' lang='lat' dir='ltr'><strong>auspiciis</strong></span> 
     </span>
     <span class='ocr_line' id='line_1_51' title="bbox 1496 3254 2511 3319; baseline 0.009 -19"><span class='ocrx_word' id='word_1_341' title='bbox 1496 3254 1671 3310; x_wconf 84' lang='lat' dir='ltr'><strong>creari,</strong></span> <span class='ocrx_word' id='word_1_342' title='bbox 1693 3255 1758 3302; x_wconf 91' lang='lat' dir='ltr'><strong>ob</strong></span> <span class='ocrx_word' id='word_1_343' title='bbox 1778 3271 1976 3317; x_wconf 85' lang='lat' dir='ltr'><strong>eamque</strong></span> <span class='ocrx_word' id='word_1_344' title='bbox 1997 3271 2184 3304; x_wconf 82' lang='lat' dir='ltr'><strong>causam</strong></span> <span class='ocrx_word' id='word_1_345' title='bbox 2205 3260 2417 3319; x_wconf 89' lang='lat' dir='ltr'><strong>ejusdem</strong></span> <span class='ocrx_word' id='word_1_346' title='bbox 2434 3278 2511 3309; x_wconf 91' lang='lat' dir='ltr'><strong>or-</strong></span> 
     </span>
     <span class='ocr_line' id='line_1_52' title="bbox 1497 3332 2507 3399; baseline 0.01 -21"><span class='ocrx_word' id='word_1_347' title='bbox 1497 3332 1626 3379; x_wconf 86' lang='lat' dir='ltr'><strong>dinis</strong></span> <span class='ocrx_word' id='word_1_348' title='bbox 1644 3350 1698 3380; x_wconf 88' lang='lat' dir='ltr'><strong>ac</strong></span> <span class='ocrx_word' id='word_1_349' title='bbox 1715 3335 1902 3398; x_wconf 80' lang='lat' dir='ltr'><strong>generis</strong></span> <span class='ocrx_word' id='word_1_350' title='bbox 1919 3336 2130 3399; x_wconf 81' lang='lat' dir='ltr'><strong>auspicia</strong></span> <span class='ocrx_word' id='word_1_351' title='bbox 2148 3337 2339 3387; x_wconf 85' lang='lat' dir='ltr'><strong>habere.</strong></span> <span class='ocrx_word' id='word_1_352' title='bbox 2353 3342 2507 3388; x_wconf 89' lang='lat' dir='ltr'><strong>Porro</strong></span> 
     </span>
     <span class='ocr_line' id='line_1_53' title="bbox 1495 3413 2510 3480; baseline 0.01 -22"><span class='ocrx_word' id='word_1_353' title='bbox 1495 3413 1708 3476; x_wconf 85' lang='lat' dir='ltr'><strong>auspicia</strong></span> <span class='ocrx_word' id='word_1_354' title='bbox 1736 3415 1988 3461; x_wconf 87' lang='lat' dir='ltr'><strong>consulum</strong></span> <span class='ocrx_word' id='word_1_355' title='bbox 2016 3431 2071 3462; x_wconf 83' lang='lat' dir='ltr'><strong>ac</strong></span> <span class='ocrx_word' id='word_1_356' title='bbox 2102 3429 2361 3480; x_wconf 82' lang='lat' dir='ltr'><strong>praetorum</strong></span> <span class='ocrx_word' id='word_1_357' title='bbox 2385 3421 2510 3480; x_wconf 78' lang='lat' dir='ltr'><strong>ejus·</strong></span> 
     </span>
     <span class='ocr_line' id='line_1_54' title="bbox 1497 3490 2508 3551; baseline 0.011 -15"><span class='ocrx_word' id='word_1_358' title='bbox 1497 3490 1608 3538; x_wconf 87' lang='lat' dir='ltr'><strong>dem</strong></span> <span class='ocrx_word' id='word_1_359' title='bbox 1626 3492 1812 3538; x_wconf 86' lang='lat' dir='ltr'><strong>ordinis</strong></span> <span class='ocrx_word' id='word_1_360' title='bbox 1831 3504 1993 3551; x_wconf 86' lang='lat' dir='ltr'><strong>erant,</strong></span> <span class='ocrx_word' id='word_1_361' title='bbox 2019 3505 2073 3541; x_wconf 87' lang='lat' dir='ltr'><strong>ut</strong></span> <span class='ocrx_word' id='word_1_362' title='bbox 2100 3508 2289 3544; x_wconf 86' lang='lat' dir='ltr'><strong>constat</strong></span> <span class='ocrx_word' id='word_1_363' title='bbox 2316 3515 2376 3545; x_wconf 84' lang='lat' dir='ltr'><strong>ex</strong></span> <span class='ocrx_word' id='word_1_364' title='bbox 2394 3500 2508 3547; x_wconf 86' lang='lat' dir='ltr'><strong>loco</strong></span> 
     </span>
     <span class='ocr_line' id='line_1_55' title="bbox 1500 3570 2513 3638; baseline 0.008 -21"><span class='ocrx_word' id='word_1_365' title='bbox 1500 3570 1645 3617; x_wconf 88' lang='lat' dir='ltr'><strong>Gellii</strong></span> <span class='ocrx_word' id='word_1_366' title='bbox 1666 3586 1810 3634; x_wconf 84' lang='lat' dir='ltr'><strong>supra</strong></span> <span class='ocrx_word' id='word_1_367' title='bbox 1828 3584 2094 3620; x_wconf 82' lang='lat' dir='ltr'><strong>memorato</strong></span> <span class='ocrx_word' id='word_1_368' title='bbox 2112 3608 2126 3632; x_wconf 90' lang='lat'><strong>,</strong></span> <span class='ocrx_word' id='word_1_369' title='bbox 2152 3577 2371 3638; x_wconf 78' lang='lat' dir='ltr'><strong>quamvis</strong></span> <span class='ocrx_word' id='word_1_370' title='bbox 2385 3613 2399 3636; x_wconf 96' lang='lat'><strong>,</strong></span> <span class='ocrx_word' id='word_1_371' title='bbox 2425 3577 2513 3625; x_wconf 88' lang='lat' dir='ltr'><strong>ubi</strong></span> 
     </span>
     <span class='ocr_line' id='line_1_56' title="bbox 1499 3648 2514 3717; baseline 0.011 -24"><span class='ocrx_word' id='word_1_372' title='bbox 1499 3648 1689 3695; x_wconf 84' lang='lat' dir='ltr'><strong>diversa</strong></span> <span class='ocrx_word' id='word_1_373' title='bbox 1706 3649 1766 3697; x_wconf 83' lang='lat' dir='ltr'><strong>iis</strong></span> <span class='ocrx_word' id='word_1_374' title='bbox 1782 3651 1996 3714; x_wconf 83' lang='lat' dir='ltr'><strong>auspicia</strong></span> <span class='ocrx_word' id='word_1_375' title='bbox 2017 3654 2355 3717; x_wconf 85' lang='lat' dir='ltr'><strong>contingerent</strong></span> <span class='ocrx_word' id='word_1_376' title='bbox 2367 3689 2380 3711; x_wconf 91' lang='lat'><strong>,</strong></span> <span class='ocrx_word' id='word_1_377' title='bbox 2400 3672 2514 3703; x_wconf 88' lang='lat' dir='ltr'><strong>con-</strong></span> 
     </span>
     <span class='ocr_line' id='line_1_57' title="bbox 1497 3726 2514 3796; baseline 0.011 -24"><span class='ocrx_word' id='word_1_378' title='bbox 1497 3726 1656 3773; x_wconf 86' lang='lat' dir='ltr'><strong>sulum</strong></span> <span class='ocrx_word' id='word_1_379' title='bbox 1668 3729 1881 3792; x_wconf 82' lang='lat' dir='ltr'><strong>auspicia</strong></span> <span class='ocrx_word' id='word_1_380' title='bbox 1900 3731 2050 3794; x_wconf 84' lang='lat' dir='ltr'><strong>magis</strong></span> <span class='ocrx_word' id='word_1_381' title='bbox 2068 3743 2167 3779; x_wconf 82' lang='lat' dir='ltr'><strong>rata</strong></span> <span class='ocrx_word' id='word_1_382' title='bbox 2182 3745 2363 3781; x_wconf 80' lang='lat' dir='ltr'><strong>essent:</strong></span> <span class='ocrx_word' id='word_1_383' title='bbox 2378 3736 2514 3796; x_wconf 87' lang='lat' dir='ltr'><strong>cujus</strong></span> 
     </span>
    </p>
   </div>
   <div class='ocr_carea' id='block_1_6' title="bbox 1501 3806 2515 3950">
    <p class='ocr_par' dir='ltr' id='par_1_9' title="bbox 1501 3806 2515 3950">
     <span class='ocr_line' id='line_1_58' title="bbox 1501 3806 2515 3879; baseline 0.011 -28"><span class='ocrx_word' id='word_1_384' title='bbox 1501 3806 1573 3851; x_wconf 88' lang='lat' dir='ltr'><strong>rei</strong></span> <span class='ocrx_word' id='word_1_385' title='bbox 1609 3806 1798 3869; x_wconf 82' lang='lat' dir='ltr'><strong>insigne</strong></span> <span class='ocrx_word' id='word_1_386' title='bbox 1831 3809 2161 3857; x_wconf 79' lang='lat' dir='ltr'><strong>testimonium</strong></span> <span class='ocrx_word' id='word_1_387' title='bbox 2195 3823 2350 3860; x_wconf 79' lang='lat' dir='ltr'><strong>exstat</strong></span> <span class='ocrx_word' id='word_1_388' title='bbox 2382 3811 2515 3879; x_wconf 83' lang='lat' dir='ltr'><strong>apud</strong></span> 
     </span>
     <span class='ocr_line' id='line_1_59' title="bbox 1503 3884 2512 3950; baseline 0.01 -21"><span class='ocrx_word' id='word_1_389' title='bbox 1503 3884 1611 3930; x_wconf 82' lang='lat' dir='ltr'><strong>val.</strong></span> <span class='ocrx_word' id='word_1_390' title='bbox 1635 3886 1770 3931; x_wconf 82' lang='lat' dir='ltr'><strong>Max.</strong></span> <span class='ocrx_word' id='word_1_391' title='bbox 1792 3884 1879 3931; x_wconf 83' lang='lat' dir='ltr'><strong>lib.</strong></span> <span class='ocrx_word' id='word_1_392' title='bbox 1908 3887 1984 3944; x_wconf 88' lang='lat'><strong>11,</strong></span> <span class='ocrx_word' id='word_1_393' title='bbox 2013 3903 2117 3950; x_wconf 85' lang='lat' dir='ltr'><strong>cap.</strong></span> <span class='ocrx_word' id='word_1_394' title='bbox 2150 3890 2195 3935; x_wconf 87' lang='lat'><strong>8.</strong></span> <span class='ocrx_word' id='word_1_395' title='bbox 2224 3891 2311 3936; x_wconf 83' lang='lat' dir='ltr'><strong>En.</strong></span> <span class='ocrx_word' id='word_1_396' title='bbox 2332 3920 2402 3928; x_wconf 93' lang='lat'>—</span> <span class='ocrx_word' id='word_1_397' title='bbox 2424 3896 2512 3939; x_wconf 85' lang='lat' dir='ltr'><strong>Ve-</strong></span> 
     </span>
    </p>
   </div>
   <div class='ocr_carea' id='block_1_7' title="bbox 1505 3962 2513 4106">
    <p class='ocr_par' dir='ltr' id='par_1_10' title="bbox 1505 3962 2513 4106">
     <span class='ocr_line' id='line_1_60' title="bbox 1505 3962 2513 4027; baseline 0.01 -18"><span class='ocrx_word' id='word_1_398' title='bbox 1505 3962 1735 4009; x_wconf 84' lang='lat' dir='ltr'><strong>recundia</strong></span> <span class='ocrx_word' id='word_1_399' title='bbox 1760 3963 1983 4027; x_wconf 80' lang='lat' dir='ltr'><strong>imposita</strong></span> <span class='ocrx_word' id='word_1_400' title='bbox 2008 3977 2079 4012; x_wconf 80' lang='lat' dir='ltr'><strong>esc</strong></span> <span class='ocrx_word' id='word_1_401' title='bbox 2109 3969 2300 4017; x_wconf 79' lang='lat' dir='ltr'><strong>senatui</strong></span> <span class='ocrx_word' id='word_1_402' title='bbox 2329 3987 2393 4017; x_wconf 74' lang='lat' dir='ltr'><strong>cx</strong></span> <span class='ocrx_word' id='word_1_403' title='bbox 2414 3975 2513 4018; x_wconf 83' lang='lat' dir='ltr'><strong>Pa-</strong></span> 
     </span>
     <span class='ocr_line' id='line_1_61' title="bbox 1510 4040 2507 4106; baseline 0.011 -20"><span class='ocrx_word' id='word_1_404' title='bbox 1510 4040 1658 4087; x_wconf 80' lang='lat' dir='ltr'><strong>tribus</strong></span> <span class='ocrx_word' id='word_1_405' title='bbox 1681 4041 1891 4106; x_wconf 81' lang='lat' dir='ltr'><strong>jubendi</strong></span> <span class='ocrx_word' id='word_1_406' title='bbox 1922 4041 2083 4091; x_wconf 70' lang='lat' dir='ltr'><strong>aediles</strong></span> <span class='ocrx_word' id='word_1_407' title='bbox 2116 4047 2299 4095; x_wconf 80' lang='lat' dir='ltr'><strong>curules</strong></span> <span class='ocrx_word' id='word_1_408' title='bbox 2328 4051 2507 4106; x_wconf 82' lang='lat' dir='ltr'><strong>creari,</strong></span> 
     </span>
    </p>
   </div>
   <div class='ocr_carea' id='block_1_8' title="bbox 1511 4121 2511 4180">
    <p class='ocr_par' dir='ltr' id='par_1_11' title="bbox 1511 4121 2511 4180">
     <span class='ocr_line' id='line_1_62' title="bbox 1511 4121 2511 4180; baseline 0.008 -13"><span class='ocrx_word' id='word_1_409' title='bbox 1511 4121 1641 4167; x_wconf 84' lang='lat' dir='ltr'><strong>conf.</strong></span> <span class='ocrx_word' id='word_1_410' title='bbox 1663 4121 1724 4168; x_wconf 85' lang='lat' dir='ltr'><strong>ad</strong></span> <span class='ocrx_word' id='word_1_411' title='bbox 1742 4122 1842 4179; x_wconf 86' lang='lat'><strong>111,</strong></span> <span class='ocrx_word' id='word_1_412' title='bbox 1866 4123 1927 4168; x_wconf 77' lang='lat'><strong>62</strong></span> <span class='ocrx_word' id='word_1_413' title='bbox 1944 4156 1958 4180; x_wconf 87' lang='lat'><strong>,</strong></span> <span class='ocrx_word' id='word_1_414' title='bbox 1980 4139 2030 4169; x_wconf 89' lang='lat' dir='ltr'><strong>n.</strong></span> <span class='ocrx_word' id='word_1_415' title='bbox 2054 4126 2100 4171; x_wconf 87' lang='grc'><strong>8.</strong></span> <span class='ocrx_word' id='word_1_416' title='bbox 2121 4124 2251 4173; x_wconf 83' lang='lat' dir='ltr'><strong>Nota</strong></span> <span class='ocrx_word' id='word_1_417' title='bbox 2272 4127 2511 4175; x_wconf 79' lang='lat' dir='ltr'><strong>Drakenb.</strong></span> 
     </span>
    </p>
   </div>
  </div>
 </body>
</html>
