<?xml version="1.0" encoding="UTF-8"?>
<!DOCTYPE html PUBLIC "-//W3C//DTD XHTML 1.0 Transitional//EN"
    "http://www.w3.org/TR/xhtml1/DTD/xhtml1-transitional.dtd">
<html xmlns="http://www.w3.org/1999/xhtml" xml:lang="en" lang="en">
 <head>
  <title>
</title>
<meta http-equiv="Content-Type" content="text/html;charset=utf-8" />
  <meta name='ocr-system' content='tesseract 3.04.00' />
  <meta name='ocr-capabilities' content='ocr_page ocr_carea ocr_par ocr_line ocrx_word'/>
</head>
<body>
  <div class='ocr_page' id='page_1' title='image "./titusliviuspata00unkngoog_0101.png"; bbox 0 0 3000 4717; ppageno 0'>
   <div class='ocr_carea' id='block_1_1' title="bbox 407 387 784 437">
    <p class='ocr_par' dir='ltr' id='par_1_1' title="bbox 407 387 784 437">
     <span class='ocr_line' id='line_1_1' title="bbox 407 387 784 437; baseline -0.011 -6"><span class='ocrx_word' id='word_1_1' title='bbox 407 389 457 430; x_wconf 72' lang='grc' dir='ltr'><em>Δ.</em></span> <span class='ocrx_word' id='word_1_2' title='bbox 481 387 534 431; x_wconf 81' lang='lat' dir='ltr'><em>C.</em></span> <span class='ocrx_word' id='word_1_3' title='bbox 559 389 784 437; x_wconf 64' lang='lat'><em>413—412.</em></span> 
     </span>
    </p>
   </div>
   <div class='ocr_carea' id='block_1_2' title="bbox 407 399 2453 503">
    <p class='ocr_par' dir='ltr' id='par_1_2' title="bbox 407 399 2453 503">
     <span class='ocr_line' id='line_1_2' title="bbox 407 399 2453 503; baseline -0.004 -22"><span class='ocrx_word' id='word_1_4' title='bbox 407 447 784 503; x_wconf 31' lang='lat' dir='ltr'><em>mma...</em></span> <span class='ocrx_word' id='word_1_5' title='bbox 849 407 1173 476; x_wconf 80' lang='lat' dir='ltr'>LIBER</span> <span class='ocrx_word' id='word_1_6' title='bbox 1232 407 1368 477; x_wconf 84' lang='lat' dir='ltr'><em>IV.</em></span> <span class='ocrx_word' id='word_1_7' title='bbox 1436 407 1657 475; x_wconf 77' lang='lat' dir='ltr'><em>cAP.</em></span> <span class='ocrx_word' id='word_1_8' title='bbox 1721 406 2066 475; x_wconf 83' lang='lat' dir='ltr'><strong>XLVIII.</strong></span> <span class='ocrx_word' id='word_1_9' title='bbox 2359 399 2453 498; x_wconf 80' lang='lat'><em>93</em></span> 
     </span>
    </p>
   </div>
   <div class='ocr_carea' id='block_1_3' title="bbox 357 520 2495 2616">
    <p class='ocr_par' dir='ltr' id='par_1_3' title="bbox 357 520 2495 2616">
     <span class='ocr_line' id='line_1_3' title="bbox 357 520 2471 626; baseline -0.003 -25"><span class='ocrx_word' id='word_1_10' title='bbox 357 531 729 603; x_wconf 84' lang='lat' dir='ltr'><em>consiliam</em></span> <span class='ocrx_word' id='word_1_11' title='bbox 782 529 1001 600; x_wconf 85' lang='lat' dir='ltr'><em>domo</em></span> <span class='ocrx_word' id='word_1_12' title='bbox 1048 529 1313 620; x_wconf 78' lang='lat' dir='ltr'><em>afferre</em></span> <span class='ocrx_word' id='word_1_13' title='bbox 1340 556 1361 598; x_wconf 91' lang='grc'><em>.·</em></span> <span class='ocrx_word' id='word_1_14' title='bbox 1390 520 1748 626; x_wconf 64' lang='grc' dir='ltr'><em>ριόαύανη</em></span> <span class='ocrx_word' id='word_1_15' title='bbox 1770 524 1799 570; x_wconf 76' lang='grc'>3</span> <span class='ocrx_word' id='word_1_16' title='bbox 1829 534 2021 597; x_wconf 90' lang='lat' dir='ltr'><em>enim</em></span> <span class='ocrx_word' id='word_1_17' title='bbox 2063 550 2275 597; x_wconf 82' lang='lat' dir='ltr'><em>suum</em></span> <span class='ocrx_word' id='word_1_18' title='bbox 2324 531 2471 624; x_wconf 89' lang='lat' dir='ltr'><em>Ap.</em></span> 
     </span>
     <span class='ocr_line' id='line_1_4' title="bbox 364 637 2476 715; baseline -0.002 0"><span class='ocrx_word' id='word_1_19' title='bbox 364 642 744 715; x_wconf 81' lang='lat' dir='ltr'><em>Claudiam</em></span> <span class='ocrx_word' id='word_1_20' title='bbox 772 639 1158 712; x_wconf 80' lang='lat' dir='ltr'><em>ostendisse</em></span> <span class='ocrx_word' id='word_1_21' title='bbox 1181 639 1517 710; x_wconf 82' lang='lat' dir='ltr'><em>Patribus</em></span> <span class='ocrx_word' id='word_1_22' title='bbox 1541 644 1744 707; x_wconf 81' lang='lat' dir='ltr'><em>viam</em></span> <span class='ocrx_word' id='word_1_23' title='bbox 1769 662 1990 708; x_wconf 86' lang='lat' dir='ltr'><em>anam</em></span> <span class='ocrx_word' id='word_1_24' title='bbox 2012 637 2476 710; x_wconf 68' lang='lat' dir='ltr'><em>dissolvendae</em></span> 
     </span>
     <span class='ocr_line' id='line_1_5' title="bbox 358 750 2469 849; baseline -0.003 -25"><span class='ocrx_word' id='word_1_25' title='bbox 358 755 749 824; x_wconf 61' lang='lat' dir='ltr'><em>tribunitiae</em></span> <span class='ocrx_word' id='word_1_26' title='bbox 787 758 1160 849; x_wconf 87' lang='lat' dir='ltr'><em>potestatis</em></span> <span class='ocrx_word' id='word_1_27' title='bbox 1193 776 1341 848; x_wconf 86' lang='lat' dir='ltr'><em>per</em></span> <span class='ocrx_word' id='word_1_28' title='bbox 1394 750 1839 844; x_wconf 78' lang='lat' dir='ltr'><em>collegarum</em></span> <span class='ocrx_word' id='word_1_29' title='bbox 1888 753 2469 819; x_wconf 80' lang='lat' dir='ltr'><em>intercessionem.</em></span> 
     </span>
     <span class='ocr_line' id='line_1_6' title="bbox 363 859 2475 956; baseline -0.004 -19"><span class='ocrx_word' id='word_1_30' title='bbox 363 862 608 937; x_wconf 90' lang='lat' dir='ltr'><em>Facile</em></span> <span class='ocrx_word' id='word_1_31' title='bbox 640 863 969 933; x_wconf 75' lang='lat' dir='ltr'><em>homines</em></span> <span class='ocrx_word' id='word_1_32' title='bbox 988 865 1019 914; x_wconf 74' lang='lat'>4</span> <span class='ocrx_word' id='word_1_33' title='bbox 1046 886 1269 931; x_wconf 78' lang='lat' dir='ltr'><em>novos</em></span> <span class='ocrx_word' id='word_1_34' title='bbox 1301 865 1721 931; x_wconf 81' lang='lat' dir='ltr'><em>auctoritate</em></span> <span class='ocrx_word' id='word_1_35' title='bbox 1741 864 2158 956; x_wconf 79' lang='lat' dir='ltr'><em>principum</em></span> <span class='ocrx_word' id='word_1_36' title='bbox 2196 859 2290 927; x_wconf 87' lang='lat' dir='ltr'><em>de</em></span> <span class='ocrx_word' id='word_1_37' title='bbox 2323 884 2475 928; x_wconf 88' lang='lat' dir='ltr'><em>sen-</em></span> 
     </span>
     <span class='ocr_line' id='line_1_7' title="bbox 360 970 2484 1068; baseline -0.002 -26"><span class='ocrx_word' id='word_1_38' title='bbox 360 982 576 1043; x_wconf 84' lang='lat' dir='ltr'><em>tentia</em></span> <span class='ocrx_word' id='word_1_39' title='bbox 625 972 917 1058; x_wconf 86' lang='lat' dir='ltr'><em>deduci,</em></span> <span class='ocrx_word' id='word_1_40' title='bbox 962 977 1028 1041; x_wconf 89' lang='lat' dir='ltr'><em>si</em></span> <span class='ocrx_word' id='word_1_41' title='bbox 1075 987 1480 1068; x_wconf 77' lang='lat' dir='ltr'><em>temporam</em></span> <span class='ocrx_word' id='word_1_42' title='bbox 1533 970 1889 1040; x_wconf 82' lang='lat' dir='ltr'><em>interdum</em></span> <span class='ocrx_word' id='word_1_43' title='bbox 1928 975 2181 1066; x_wconf 83' lang='lat' dir='ltr'><em>potius</em></span> <span class='ocrx_word' id='word_1_44' title='bbox 2198 1021 2219 1052; x_wconf 89' lang='lat'><strong><em>,</em></strong></span> <span class='ocrx_word' id='word_1_45' title='bbox 2261 992 2484 1062; x_wconf 82' lang='lat' dir='ltr'><em>qaam</em></span> 
     </span>
     <span class='ocr_line' id='line_1_8' title="bbox 358 1073 2483 1177; baseline -0.004 -24"><span class='ocrx_word' id='word_1_46' title='bbox 358 1085 781 1177; x_wconf 86' lang='lat' dir='ltr'><em>majestatis,</em></span> <span class='ocrx_word' id='word_1_47' title='bbox 812 1104 1091 1152; x_wconf 82' lang='lat' dir='ltr'><em>memor</em></span> <span class='ocrx_word' id='word_1_48' title='bbox 1115 1081 1555 1151; x_wconf 76' lang='lat' dir='ltr'><em>adhibeatur</em></span> <span class='ocrx_word' id='word_1_49' title='bbox 1580 1087 1809 1151; x_wconf 86' lang='lat' dir='ltr'><em>oratio</em></span> <span class='ocrx_word' id='word_1_50' title='bbox 1831 1106 1850 1147; x_wconf 93' lang='grc'><em>.·</em></span> <span class='ocrx_word' id='word_1_51' title='bbox 1863 1104 2007 1177; x_wconf 88' lang='lat' dir='ltr'><em>pro</em></span> <span class='ocrx_word' id='word_1_52' title='bbox 2014 1078 2322 1168; x_wconf 83' lang='lat' dir='ltr'><em>fortuna</em></span> <span class='ocrx_word' id='word_1_53' title='bbox 2341 1073 2370 1119; x_wconf 85' lang='lat'>⁵</span> <span class='ocrx_word' id='word_1_54' title='bbox 2396 1077 2483 1146; x_wconf 86' lang='lat' dir='ltr'><em>il-</em></span> 
     </span>
     <span class='ocr_line' id='line_1_9' title="bbox 359 1190 2485 1289; baseline -0.002 -26"><span class='ocrx_word' id='word_1_55' title='bbox 359 1193 443 1263; x_wconf 90' lang='lat' dir='ltr'><em>lis</em></span> <span class='ocrx_word' id='word_1_56' title='bbox 461 1200 742 1263; x_wconf 91' lang='lat' dir='ltr'><em>animos</em></span> <span class='ocrx_word' id='word_1_57' title='bbox 760 1218 925 1263; x_wconf 88' lang='lat' dir='ltr'><em>esse.</em></span> <span class='ocrx_word' id='word_1_58' title='bbox 962 1190 1102 1263; x_wconf 87' lang='lat' dir='ltr'><em>Ubi</em></span> <span class='ocrx_word' id='word_1_59' title='bbox 1115 1193 1449 1277; x_wconf 83' lang='lat' dir='ltr'><em>videant,</em></span> <span class='ocrx_word' id='word_1_60' title='bbox 1477 1191 1789 1288; x_wconf 81' lang='lat' dir='ltr'><em>collegas</em></span> <span class='ocrx_word' id='word_1_61' title='bbox 1803 1197 2160 1289; x_wconf 84' lang='lat' dir='ltr'><em>principes</em></span> <span class='ocrx_word' id='word_1_62' title='bbox 2177 1191 2485 1287; x_wconf 63' lang='lat' dir='ltr'><em>agendas</em></span> 
     </span>
     <span class='ocr_line' id='line_1_10' title="bbox 360 1299 2483 1400; baseline -0.001 -28"><span class='ocrx_word' id='word_1_63' title='bbox 360 1309 471 1373; x_wconf 88' lang='lat' dir='ltr'><em>rei</em></span> <span class='ocrx_word' id='word_1_64' title='bbox 498 1311 808 1400; x_wconf 82' lang='lat' dir='ltr'><em>gratiam</em></span> <span class='ocrx_word' id='word_1_65' title='bbox 848 1329 1133 1375; x_wconf 89' lang='lat' dir='ltr'><em>omnem</em></span> <span class='ocrx_word' id='word_1_66' title='bbox 1167 1302 1272 1372; x_wconf 83' lang='lat' dir='ltr'><em>ad</em></span> <span class='ocrx_word' id='word_1_67' title='bbox 1282 1301 1572 1400; x_wconf 87' lang='lat' dir='ltr'><em>plebem</em></span> <span class='ocrx_word' id='word_1_68' title='bbox 1591 1325 2182 1398; x_wconf 85' lang='lat' dir='ltr'><em>prceoccapasse,</em></span> <span class='ocrx_word' id='word_1_69' title='bbox 2220 1325 2352 1370; x_wconf 90' lang='lat' dir='ltr'><em>nec</em></span> <span class='ocrx_word' id='word_1_70' title='bbox 2381 1299 2483 1370; x_wconf 91' lang='lat' dir='ltr'><em>lo-</em></span> 
     </span>
     <span class='ocr_line' id='line_1_11' title="bbox 360 1410 2487 1507; baseline -0.001 -24"><span class='ocrx_word' id='word_1_71' title='bbox 360 1438 523 1483; x_wconf 88' lang='lat' dir='ltr'><em>cum</em></span> <span class='ocrx_word' id='word_1_72' title='bbox 562 1421 634 1484; x_wconf 89' lang='lat' dir='ltr'><em>in</em></span> <span class='ocrx_word' id='word_1_73' title='bbox 664 1439 754 1484; x_wconf 86' lang='lat' dir='ltr'><em>ea</em></span> <span class='ocrx_word' id='word_1_74' title='bbox 785 1414 1108 1487; x_wconf 83' lang='lat' dir='ltr'><em>relictam</em></span> <span class='ocrx_word' id='word_1_75' title='bbox 1142 1413 1311 1500; x_wconf 85' lang='lat' dir='ltr'><em>sibi,</em></span> <span class='ocrx_word' id='word_1_76' title='bbox 1346 1413 1554 1481; x_wconf 84' lang='lat' dir='ltr'><em>lzaad</em></span> <span class='ocrx_word' id='word_1_77' title='bbox 1577 1426 1872 1507; x_wconf 78' lang='lat' dir='ltr'><em>gravate</em></span> <span class='ocrx_word' id='word_1_78' title='bbox 1901 1410 2377 1481; x_wconf 82' lang='lat' dir='ltr'><em>acclinaturos</em></span> <span class='ocrx_word' id='word_1_79' title='bbox 2410 1434 2487 1480; x_wconf 85' lang='lat' dir='ltr'><em>se</em></span> 
     </span>
     <span class='ocr_line' id='line_1_12' title="bbox 360 1519 2488 1619; baseline -0 -27"><span class='ocrx_word' id='word_1_80' title='bbox 360 1522 468 1592; x_wconf 87' lang='lat' dir='ltr'><em>ad</em></span> <span class='ocrx_word' id='word_1_81' title='bbox 488 1549 780 1595; x_wconf 80' lang='lat' dir='ltr'><em>causam</em></span> <span class='ocrx_word' id='word_1_82' title='bbox 805 1541 1119 1607; x_wconf 73' lang='lat' dir='ltr'><em>senataS,</em></span> <span class='ocrx_word' id='word_1_83' title='bbox 1140 1547 1281 1619; x_wconf 87' lang='lat' dir='ltr'><em>per</em></span> <span class='ocrx_word' id='word_1_84' title='bbox 1300 1545 1521 1616; x_wconf 85' lang='lat' dir='ltr'><em>qaam</em></span> <span class='ocrx_word' id='word_1_85' title='bbox 1551 1527 1872 1590; x_wconf 79' lang='lat' dir='ltr'><em>aniverso</em></span> <span class='ocrx_word' id='word_1_86' title='bbox 1899 1519 2138 1590; x_wconf 84' lang='lat' dir='ltr'><em>ordini</em></span> <span class='ocrx_word' id='word_1_87' title='bbox 2161 1547 2322 1593; x_wconf 82' lang='lat' dir='ltr'><em>cam</em></span> <span class='ocrx_word' id='word_1_88' title='bbox 2335 1526 2488 1617; x_wconf 92' lang='lat' dir='ltr'><em>pri·</em></span> 
     </span>
     <span class='ocr_line' id='line_1_13' title="bbox 366 1627 2491 1726; baseline -0 -24"><span class='ocrx_word' id='word_1_89' title='bbox 366 1635 679 1704; x_wconf 85' lang='lat' dir='ltr'><em>moribus</em></span> <span class='ocrx_word' id='word_1_90' title='bbox 732 1659 808 1704; x_wconf 89' lang='lat' dir='ltr'><em>se</em></span> <span class='ocrx_word' id='word_1_91' title='bbox 835 1638 1172 1703; x_wconf 73' lang='lat' dir='ltr'><em>‘Patram</em></span> <span class='ocrx_word' id='word_1_92' title='bbox 1232 1627 1625 1700; x_wconf 85' lang='lat' dir='ltr'><em>concilient.</em></span> <span class='ocrx_word' id='word_1_93' title='bbox 1676 1628 2267 1726; x_wconf 89' lang='lat' dir='ltr'><em>Approbantibus</em></span> <span class='ocrx_word' id='word_1_94' title='bbox 2321 1656 2491 1701; x_wconf 88' lang='lat' dir='ltr'><em>cun-</em></span> 
     </span>
     <span class='ocr_line' id='line_1_14' title="bbox 365 1739 2487 1837; baseline 0 -25"><span class='ocrx_word' id='word_1_95' title='bbox 365 1744 496 1812; x_wconf 84' lang='lat' dir='ltr'><em>ctis</em></span> <span class='ocrx_word' id='word_1_96' title='bbox 517 1797 536 1829; x_wconf 89' lang='lat'>‚</span> <span class='ocrx_word' id='word_1_97' title='bbox 575 1756 646 1812; x_wconf 91' lang='lat' dir='ltr'><em>et</em></span> <span class='ocrx_word' id='word_1_98' title='bbox 681 1754 846 1812; x_wconf 91' lang='lat' dir='ltr'><em>ante</em></span> <span class='ocrx_word' id='word_1_99' title='bbox 883 1764 1138 1811; x_wconf 89' lang='lat' dir='ltr'><em>omnes</em></span> <span class='ocrx_word' id='word_1_100' title='bbox 1168 1743 1255 1829; x_wconf 87' lang='lat' dir='ltr'><em>Q.</em></span> <span class='ocrx_word' id='word_1_101' title='bbox 1294 1739 1592 1809; x_wconf 85' lang='lat' dir='ltr'><em>Servilio</em></span> <span class='ocrx_word' id='word_1_102' title='bbox 1628 1740 1904 1826; x_wconf 83' lang='lat' dir='ltr'><em>Prisco,</em></span> <span class='ocrx_word' id='word_1_103' title='bbox 1933 1741 2136 1837; x_wconf 91' lang='lat' dir='ltr'><em>quod</em></span> <span class='ocrx_word' id='word_1_104' title='bbox 2173 1767 2325 1813; x_wconf 91' lang='lat' dir='ltr'><em>non</em></span> <span class='ocrx_word' id='word_1_105' title='bbox 2365 1742 2487 1813; x_wconf 89' lang='lat' dir='ltr'><em>de-</em></span> 
     </span>
     <span class='ocr_line' id='line_1_15' title="bbox 365 1848 2489 1951; baseline -0 -28"><span class='ocrx_word' id='word_1_106' title='bbox 365 1866 771 1951; x_wconf 83' lang='lat' dir='ltr'><em>generasset</em></span> <span class='ocrx_word' id='word_1_107' title='bbox 826 1848 917 1922; x_wconf 89' lang='lat' dir='ltr'><em>ab</em></span> <span class='ocrx_word' id='word_1_108' title='bbox 974 1851 1194 1948; x_wconf 86' lang='lat' dir='ltr'><em>stirpe</em></span> <span class='ocrx_word' id='word_1_109' title='bbox 1245 1849 1576 1937; x_wconf 82' lang='lat' dir='ltr'><em>Claudia,</em></span> <span class='ocrx_word' id='word_1_110' title='bbox 1616 1848 2068 1921; x_wconf 83' lang='lat' dir='ltr'><em>collaudante</em></span> <span class='ocrx_word' id='word_1_111' title='bbox 2105 1853 2445 1946; x_wconf 85' lang='lat' dir='ltr'><em>juvenem</em></span> <span class='ocrx_word' id='word_1_112' title='bbox 2469 1907 2489 1941; x_wconf 91' lang='lat'>‚</span> 
     </span>
     <span class='ocr_line' id='line_1_16' title="bbox 365 1960 2491 2059; baseline 0 -27"><span class='ocrx_word' id='word_1_113' title='bbox 365 1963 738 2059; x_wconf 84' lang='lat' dir='ltr'><em>negotium</em></span> <span class='ocrx_word' id='word_1_114' title='bbox 776 1960 1024 2055; x_wconf 85' lang='lat' dir='ltr'><em>datur,</em></span> <span class='ocrx_word' id='word_1_115' title='bbox 1061 1976 1178 2049; x_wconf 84' lang='lat' dir='ltr'><em>ut,</em></span> <span class='ocrx_word' id='word_1_116' title='bbox 1212 1984 1398 2057; x_wconf 91' lang='lat' dir='ltr'><em>quos</em></span> <span class='ocrx_word' id='word_1_117' title='bbox 1437 1961 1744 2057; x_wconf 88' lang='lat' dir='ltr'><em>quisque</em></span> <span class='ocrx_word' id='word_1_118' title='bbox 1778 1973 2021 2057; x_wconf 89' lang='lat' dir='ltr'><em>posset</em></span> <span class='ocrx_word' id='word_1_119' title='bbox 2058 1986 2142 2030; x_wconf 83' lang='lat' dir='ltr'><em>ex</em></span> <span class='ocrx_word' id='word_1_120' title='bbox 2185 1962 2491 2059; x_wconf 85' lang='lat' dir='ltr'><em>collegio</em></span> 
     </span>
     <span class='ocr_line' id='line_1_17' title="bbox 367 2071 2491 2171; baseline 0.001 -28"><span class='ocrx_word' id='word_1_121' title='bbox 367 2071 861 2162; x_wconf 85' lang='lat' dir='ltr'><em>tribunorum,</em></span> <span class='ocrx_word' id='word_1_122' title='bbox 897 2073 986 2143; x_wconf 89' lang='lat' dir='ltr'><em>ad</em></span> <span class='ocrx_word' id='word_1_123' title='bbox 1017 2073 1605 2171; x_wconf 80' lang='lat' dir='ltr'><em>intercessionem</em></span> <span class='ocrx_word' id='word_1_124' title='bbox 1638 2071 2087 2169; x_wconf 89' lang='lat' dir='ltr'><em>perlicerent.</em></span> <span class='ocrx_word' id='word_1_125' title='bbox 2121 2075 2340 2146; x_wconf 89' lang='lat' dir='ltr'><em>Misso</em></span> <span class='ocrx_word' id='word_1_126' title='bbox 2377 2100 2491 2146; x_wconf 91' lang='lat' dir='ltr'><em>se-</em></span> 
     </span>
     <span class='ocr_line' id='line_1_18' title="bbox 366 2182 2491 2283; baseline 0 -28"><span class='ocrx_word' id='word_1_127' title='bbox 366 2200 577 2273; x_wconf 76' lang='lat' dir='ltr'><em>nata,</em></span> <span class='ocrx_word' id='word_1_128' title='bbox 611 2199 1045 2283; x_wconf 82' lang='lat' dir='ltr'><em>prensantur</em></span> <span class='ocrx_word' id='word_1_129' title='bbox 1073 2183 1180 2255; x_wconf 72' lang='lat' dir='ltr'><em>‘ab</em></span> <span class='ocrx_word' id='word_1_130' title='bbox 1225 2182 1675 2281; x_wconf 90' lang='lat' dir='ltr'><em>principibus</em></span> <span class='ocrx_word' id='word_1_131' title='bbox 1716 2182 2032 2253; x_wconf 86' lang='lat' dir='ltr'><em>tribuni:</em></span> <span class='ocrx_word' id='word_1_132' title='bbox 2078 2185 2449 2257; x_wconf 87' lang='lat' dir='ltr'><em>suadendo</em></span> <span class='ocrx_word' id='word_1_133' title='bbox 2473 2242 2491 2277; x_wconf 85' lang='lat'>,</span> 
     </span>
     <span class='ocr_line' id='line_1_19' title="bbox 365 2290 2491 2394; baseline 0 -30"><span class='ocrx_word' id='word_1_134' title='bbox 365 2297 768 2383; x_wconf 77' lang='lat' dir='ltr'><em>menende,</em></span> <span class='ocrx_word' id='word_1_135' title='bbox 796 2296 1351 2394; x_wconf 86' lang='lat' dir='ltr'><em>pollicendoque</em></span> <span class='ocrx_word' id='word_1_136' title='bbox 1372 2308 1655 2392; x_wconf 84' lang='lat' dir='ltr'><em>gratum</em></span> <span class='ocrx_word' id='word_1_137' title='bbox 1671 2290 1702 2336; x_wconf 78' lang='lat'><strong>⁶</strong></span> <span class='ocrx_word' id='word_1_138' title='bbox 1723 2293 1797 2363; x_wconf 92' lang='lat' dir='ltr'><em>id</em></span> <span class='ocrx_word' id='word_1_139' title='bbox 1818 2294 2111 2391; x_wconf 85' lang='lat' dir='ltr'><em>singulis</em></span> <span class='ocrx_word' id='word_1_140' title='bbox 2130 2297 2456 2393; x_wconf 84' lang='lat' dir='ltr'><em>privatim</em></span> <span class='ocrx_word' id='word_1_141' title='bbox 2472 2353 2491 2387; x_wconf 84' lang='lat'>‚</span> 
     </span>
     <span class='ocr_line' id='line_1_20' title="bbox 370 2403 2495 2503; baseline 0.001 -27"><span class='ocrx_word' id='word_1_142' title='bbox 370 2421 651 2503; x_wconf 84' lang='lat' dir='ltr'><em>gratum</em></span> <span class='ocrx_word' id='word_1_143' title='bbox 686 2409 1021 2478; x_wconf 87' lang='lat' dir='ltr'><em>universo</em></span> <span class='ocrx_word' id='word_1_144' title='bbox 1064 2407 1345 2478; x_wconf 90' lang='lat' dir='ltr'><em>senatui</em></span> <span class='ocrx_word' id='word_1_145' title='bbox 1369 2403 1576 2503; x_wconf 67' lang='lat' dir='ltr'><em>sore,</em></span> <span class='ocrx_word' id='word_1_146' title='bbox 1611 2405 1870 2481; x_wconf 14' lang='lat' dir='ltr'><em>sexdad</em></span> <span class='ocrx_word' id='word_1_147' title='bbox 1908 2406 2495 2478; x_wconf 86' lang='lat' dir='ltr'><em>intercessionem</em></span> 
     </span>
     <span class='ocr_line' id='line_1_21' title="bbox 373 2515 2494 2616; baseline 0.003 -32"><span class='ocrx_word' id='word_1_148' title='bbox 373 2539 910 2614; x_wconf 87' lang='lat' dir='ltr'><em>comparavere:</em></span> <span class='ocrx_word' id='word_1_149' title='bbox 944 2532 1384 2615; x_wconf 87' lang='lat' dir='ltr'><em>posteroque</em></span> <span class='ocrx_word' id='word_1_150' title='bbox 1419 2515 1537 2587; x_wconf 90' lang='lat' dir='ltr'><em>die</em></span> <span class='ocrx_word' id='word_1_151' title='bbox 1573 2540 1803 2614; x_wconf 89' lang='lat' dir='ltr'><em>quum</em></span> <span class='ocrx_word' id='word_1_152' title='bbox 1837 2542 1925 2588; x_wconf 86' lang='lat' dir='ltr'><em>ex</em></span> <span class='ocrx_word' id='word_1_153' title='bbox 1956 2519 2359 2616; x_wconf 89' lang='lat' dir='ltr'><em>composito</em></span> <span class='ocrx_word' id='word_1_154' title='bbox 2390 2542 2494 2590; x_wconf 91' lang='lat' dir='ltr'><em>re-</em></span> 
     </span>
    </p>
   </div>
   <div class='ocr_carea' id='block_1_4' title="bbox 372 2729 1396 3515">
    <p class='ocr_par' dir='ltr' id='par_1_4' title="bbox 372 2729 1396 3515">
     <span class='ocr_line' id='line_1_22' title="bbox 372 2729 1387 2805; baseline 0.001 -23"><span class='ocrx_word' id='word_1_155' title='bbox 372 2735 581 2803; x_wconf 83' lang='lat' dir='ltr'><em>malunt)</em></span> <span class='ocrx_word' id='word_1_156' title='bbox 607 2729 712 2788; x_wconf 69' lang='grc' dir='ltr'>ὁδοὶ</span> <span class='ocrx_word' id='word_1_157' title='bbox 734 2739 819 2786; x_wconf 82' lang='grc' dir='ltr'><em>τοῦ</em></span> <span class='ocrx_word' id='word_1_158' title='bbox 843 2737 1056 2805; x_wconf 73' lang='grc' dir='ltr'>πολέμου</span> <span class='ocrx_word' id='word_1_159' title='bbox 1072 2754 1149 2801; x_wconf 86' lang='lat' dir='ltr'><em>ap.</em></span> <span class='ocrx_word' id='word_1_160' title='bbox 1160 2737 1387 2801; x_wconf 77' lang='lat' dir='ltr'><em>Thucyd.</em></span> 
     </span>
     <span class='ocr_line' id='line_1_23' title="bbox 374 2814 1390 2880; baseline -0.001 -17"><span class='ocrx_word' id='word_1_161' title='bbox 374 2818 427 2876; x_wconf 92' lang='lat'><em>1,</em></span> <span class='ocrx_word' id='word_1_162' title='bbox 455 2832 548 2863; x_wconf 73' lang='lat'><em>122</em></span> <span class='ocrx_word' id='word_1_163' title='bbox 567 2834 583 2876; x_wconf 82' lang='lat'><em>3</em></span> <span class='ocrx_word' id='word_1_164' title='bbox 600 2815 650 2863; x_wconf 81' lang='lat' dir='ltr'><em>h.</em></span> <span class='ocrx_word' id='word_1_165' title='bbox 678 2832 721 2863; x_wconf 89' lang='lat' dir='ltr'><em>e.</em></span> <span class='ocrx_word' id='word_1_166' title='bbox 743 2814 866 2864; x_wconf 86' lang='lat' dir='ltr'><em>ratio</em></span> <span class='ocrx_word' id='word_1_167' title='bbox 885 2815 1000 2863; x_wconf 88' lang='lat' dir='ltr'><em>belli</em></span> <span class='ocrx_word' id='word_1_168' title='bbox 1022 2816 1254 2880; x_wconf 78' lang='lat' dir='ltr'><em>gerendi3</em></span> <span class='ocrx_word' id='word_1_169' title='bbox 1277 2816 1390 2862; x_wconf 85' lang='lat' dir='ltr'><em>vide</em></span> 
     </span>
     <span class='ocr_line' id='line_1_24' title="bbox 373 2892 1386 2954; baseline -0.003 -11"><span class='ocrx_word' id='word_1_170' title='bbox 373 2896 437 2943; x_wconf 86' lang='lat' dir='ltr'><em>ad</em></span> <span class='ocrx_word' id='word_1_171' title='bbox 462 2898 578 2944; x_wconf 88' lang='lat' dir='ltr'><em>Tac.</em></span> <span class='ocrx_word' id='word_1_172' title='bbox 607 2896 740 2943; x_wconf 79' lang='lat' dir='ltr'><em>Anu.</em></span> <span class='ocrx_word' id='word_1_173' title='bbox 765 2896 819 2954; x_wconf 90' lang='lat'><em>1,</em></span> <span class='ocrx_word' id='word_1_174' title='bbox 856 2895 955 2953; x_wconf 90' lang='grc'><em>54,</em></span> <span class='ocrx_word' id='word_1_175' title='bbox 984 2911 1033 2942; x_wconf 82' lang='grc' dir='ltr'><em>ιι.</em></span> <span class='ocrx_word' id='word_1_176' title='bbox 1060 2895 1124 2954; x_wconf 83' lang='lat'><em>53</em></span> <span class='ocrx_word' id='word_1_177' title='bbox 1151 2906 1202 2942; x_wconf 89' lang='lat' dir='ltr'><em>et</em></span> <span class='ocrx_word' id='word_1_178' title='bbox 1227 2897 1307 2953; x_wconf 90' lang='grc' dir='ltr'><em>ΙΙ,</em></span> <span class='ocrx_word' id='word_1_179' title='bbox 1336 2892 1386 2952; x_wconf 91' lang='grc'><em>5,</em></span> 
     </span>
     <span class='ocr_line' id='line_1_25' title="bbox 373 2974 1391 3034; baseline -0.002 -12"><span class='ocrx_word' id='word_1_180' title='bbox 373 2992 424 3022; x_wconf 98' lang='grc' dir='ltr'><em>ιι.</em></span> <span class='ocrx_word' id='word_1_181' title='bbox 448 2992 475 3022; x_wconf 80' lang='lat'><em>2</em></span> <span class='ocrx_word' id='word_1_182' title='bbox 499 2975 683 3034; x_wconf 82' lang='lat' dir='ltr'><em>;Drak.</em></span> <span class='ocrx_word' id='word_1_183' title='bbox 711 2975 800 3022; x_wconf 85' lang='lat' dir='ltr'><em>inf.</em></span> <span class='ocrx_word' id='word_1_184' title='bbox 827 2974 891 3021; x_wconf 87' lang='lat' dir='ltr'><em>ad</em></span> <span class='ocrx_word' id='word_1_185' title='bbox 908 2976 1113 3032; x_wconf 80' lang='lat' dir='ltr'>XXXI,</span> <span class='ocrx_word' id='word_1_186' title='bbox 1143 2976 1231 3033; x_wconf 82' lang='lat'><em>18,</em></span> <span class='ocrx_word' id='word_1_187' title='bbox 1253 2991 1303 3021; x_wconf 91' lang='lat' dir='ltr'><em>n.</em></span> <span class='ocrx_word' id='word_1_188' title='bbox 1335 2988 1391 3034; x_wconf 89' lang='lat'><em>7;</em></span> 
     </span>
     <span class='ocr_line' id='line_1_26' title="bbox 374 3054 1392 3114; baseline -0.001 -13"><span class='ocrx_word' id='word_1_189' title='bbox 374 3055 539 3102; x_wconf 86' lang='lat' dir='ltr'><em>Burm.</em></span> <span class='ocrx_word' id='word_1_190' title='bbox 566 3056 630 3103; x_wconf 86' lang='lat' dir='ltr'><em>ad</em></span> <span class='ocrx_word' id='word_1_191' title='bbox 647 3055 758 3103; x_wconf 79' lang='lat' dir='ltr'><em>Val.</em></span> <span class='ocrx_word' id='word_1_192' title='bbox 780 3054 907 3102; x_wconf 86' lang='lat' dir='ltr'><em>Flac.</em></span> <span class='ocrx_word' id='word_1_193' title='bbox 938 3056 994 3110; x_wconf 83' lang='lat'><em>1,</em></span> <span class='ocrx_word' id='word_1_194' title='bbox 1024 3055 1115 3113; x_wconf 74' lang='lat'><em>32,</em></span> <span class='ocrx_word' id='word_1_195' title='bbox 1144 3054 1273 3114; x_wconf 79' lang='lat'><em>5023</em></span> <span class='ocrx_word' id='word_1_196' title='bbox 1295 3054 1392 3113; x_wconf 76' lang='lat' dir='ltr'><em>Vl,</em></span> 
     </span>
     <span class='ocr_line' id='line_1_27' title="bbox 378 3133 1369 3193; baseline 0.003 -16"><span class='ocrx_word' id='word_1_197' title='bbox 378 3147 509 3192; x_wconf 77' lang='lat'><em>2793</em></span> <span class='ocrx_word' id='word_1_198' title='bbox 539 3133 840 3182; x_wconf 80' lang='lat' dir='ltr'><em>Brouckhus.</em></span> <span class='ocrx_word' id='word_1_199' title='bbox 857 3133 921 3181; x_wconf 89' lang='lat' dir='ltr'><em>ad</em></span> <span class='ocrx_word' id='word_1_200' title='bbox 934 3133 1115 3182; x_wconf 82' lang='lat' dir='ltr'><em>Tihuu.</em></span> <span class='ocrx_word' id='word_1_201' title='bbox 1132 3137 1156 3181; x_wconf 93' lang='lat'>1</span> <span class='ocrx_word' id='word_1_202' title='bbox 1173 3167 1188 3192; x_wconf 88' lang='lat'><strong>,</strong></span> <span class='ocrx_word' id='word_1_203' title='bbox 1209 3134 1237 3180; x_wconf 83' lang='lat'>3</span> <span class='ocrx_word' id='word_1_204' title='bbox 1250 3168 1265 3193; x_wconf 87' lang='lat'><strong>,</strong></span> <span class='ocrx_word' id='word_1_205' title='bbox 1289 3133 1369 3181; x_wconf 89' lang='grc' dir='ltr'><em>5ο.</em></span> 
     </span>
     <span class='ocr_line' id='line_1_28' title="bbox 449 3210 1394 3277; baseline 0.003 -21"><span class='ocrx_word' id='word_1_206' title='bbox 449 3210 496 3257; x_wconf 86' lang='grc'><em>3.</em></span> <span class='ocrx_word' id='word_1_207' title='bbox 535 3214 776 3260; x_wconf 80' lang='grc' dir='ltr'><strong>Ρνοανιιηι</strong></span> <span class='ocrx_word' id='word_1_208' title='bbox 816 3229 954 3259; x_wconf 83' lang='lat' dir='ltr'><em>suum</em></span> <span class='ocrx_word' id='word_1_209' title='bbox 997 3210 1092 3277; x_wconf 77' lang='lat' dir='ltr'><em>Ap.</em></span> <span class='ocrx_word' id='word_1_210' title='bbox 1139 3213 1394 3260; x_wconf 84' lang='lat' dir='ltr'><em>Claudium</em></span> 
     </span>
     <span class='ocr_line' id='line_1_29' title="bbox 379 3286 1395 3357; baseline 0.007 -23"><span class='ocrx_word' id='word_1_211' title='bbox 379 3286 494 3354; x_wconf 85' lang='lat' dir='ltr'><em>(qui</em></span> <span class='ocrx_word' id='word_1_212' title='bbox 515 3290 701 3352; x_wconf 79' lang='lat' dir='ltr'><em>primus</em></span> <span class='ocrx_word' id='word_1_213' title='bbox 719 3306 783 3339; x_wconf 84' lang='lat' dir='ltr'><em>ex</em></span> <span class='ocrx_word' id='word_1_214' title='bbox 799 3292 990 3339; x_wconf 81' lang='lat' dir='ltr'><em>Sabinis</em></span> <span class='ocrx_word' id='word_1_215' title='bbox 1006 3294 1213 3340; x_wconf 82' lang='lat' dir='ltr'><em>Romam</em></span> <span class='ocrx_word' id='word_1_216' title='bbox 1234 3291 1395 3357; x_wconf 83' lang='lat' dir='ltr'><em>venit)</em></span> 
     </span>
     <span class='ocr_line' id='line_1_30' title="bbox 378 3366 1395 3436; baseline 0.006 -22"><span class='ocrx_word' id='word_1_217' title='bbox 378 3366 638 3416; x_wconf 82' lang='lat' dir='ltr'><em>ostendisse</em></span> <span class='ocrx_word' id='word_1_218' title='bbox 663 3370 886 3417; x_wconf 83' lang='lat' dir='ltr'><em>Patribus</em></span> <span class='ocrx_word' id='word_1_219' title='bbox 901 3404 915 3428; x_wconf 93' lang='lat'><strong>,</strong></span> <span class='ocrx_word' id='word_1_220' title='bbox 953 3382 1044 3419; x_wconf 87' lang='lat' dir='ltr'><em>etc.</em></span> <span class='ocrx_word' id='word_1_221' title='bbox 1069 3372 1130 3419; x_wconf 88' lang='lat' dir='ltr'><em>de</em></span> <span class='ocrx_word' id='word_1_222' title='bbox 1158 3388 1257 3436; x_wconf 89' lang='lat' dir='ltr'><em>quo</em></span> <span class='ocrx_word' id='word_1_223' title='bbox 1283 3372 1395 3420; x_wconf 86' lang='lat' dir='ltr'><em>vide</em></span> 
     </span>
     <span class='ocr_line' id='line_1_31' title="bbox 380 3447 1396 3515; baseline 0.005 -21"><span class='ocrx_word' id='word_1_224' title='bbox 380 3462 526 3512; x_wconf 85' lang='lat' dir='ltr'><em>supra</em></span> <span class='ocrx_word' id='word_1_225' title='bbox 550 3447 626 3505; x_wconf 93' lang='lat'><em>11,</em></span> <span class='ocrx_word' id='word_1_226' title='bbox 656 3452 737 3500; x_wconf 89' lang='grc'><em>44.</em></span> <span class='ocrx_word' id='word_1_227' title='bbox 763 3449 977 3495; x_wconf 82' lang='lat' dir='ltr'><em>Proavus</em></span> <span class='ocrx_word' id='word_1_228' title='bbox 1004 3461 1162 3499; x_wconf 85' lang='lat' dir='ltr'><em>autem</em></span> <span class='ocrx_word' id='word_1_229' title='bbox 1179 3451 1231 3498; x_wconf 91' lang='lat' dir='ltr'><em>h.</em></span> <span class='ocrx_word' id='word_1_230' title='bbox 1252 3451 1286 3498; x_wconf 90' lang='lat' dir='ltr'><em>l.</em></span> <span class='ocrx_word' id='word_1_231' title='bbox 1305 3468 1396 3515; x_wconf 88' lang='lat' dir='ltr'><em>pro</em></span> 
     </span>
    </p>
   </div>
   <div class='ocr_carea' id='block_1_5' title="bbox 1478 2735 2502 3516">
    <p class='ocr_par' dir='ltr' id='par_1_5' title="bbox 1478 2735 2500 3342">
     <span class='ocr_line' id='line_1_32' title="bbox 1552 2735 2492 2801; baseline 0.003 -19"><span class='ocrx_word' id='word_1_232' title='bbox 1552 2735 1599 2783; x_wconf 87' lang='lat'><em>5.</em></span> <span class='ocrx_word' id='word_1_233' title='bbox 1625 2739 1724 2783; x_wconf 88' lang='lat' dir='ltr'><em>Pro</em></span> <span class='ocrx_word' id='word_1_234' title='bbox 1731 2737 1943 2801; x_wconf 83' lang='lat' dir='ltr'><em>fortuna</em></span> <span class='ocrx_word' id='word_1_235' title='bbox 1966 2739 2060 2787; x_wconf 87' lang='lat' dir='ltr'><em>illis</em></span> <span class='ocrx_word' id='word_1_236' title='bbox 2077 2739 2265 2787; x_wconf 84' lang='lat' dir='ltr'><em>animos</em></span> <span class='ocrx_word' id='word_1_237' title='bbox 2287 2755 2415 2796; x_wconf 86' lang='lat' dir='ltr'><em>esse,</em></span> <span class='ocrx_word' id='word_1_238' title='bbox 2441 2739 2492 2786; x_wconf 90' lang='lat' dir='ltr'><em>h.</em></span> 
     </span>
     <span class='ocr_line' id='line_1_33' title="bbox 1479 2815 2495 2881; baseline 0.006 -21"><span class='ocrx_word' id='word_1_239' title='bbox 1479 2831 1522 2861; x_wconf 90' lang='lat' dir='ltr'><em>e.</em></span> <span class='ocrx_word' id='word_1_240' title='bbox 1549 2815 1816 2862; x_wconf 79' lang='lat' dir='ltr'><em>secundum</em></span> <span class='ocrx_word' id='word_1_241' title='bbox 1840 2819 2076 2880; x_wconf 85' lang='lat' dir='ltr'><em>temporis</em></span> <span class='ocrx_word' id='word_1_242' title='bbox 2097 2834 2354 2881; x_wconf 84' lang='lat' dir='ltr'><em>rerumque</em></span> <span class='ocrx_word' id='word_1_243' title='bbox 2376 2834 2495 2865; x_wconf 86' lang='lat' dir='ltr'><em>cou-</em></span> 
     </span>
     <span class='ocr_line' id='line_1_34' title="bbox 1478 2892 2495 2960; baseline 0.004 -22"><span class='ocrx_word' id='word_1_244' title='bbox 1478 2892 1732 2940; x_wconf 84' lang='lat' dir='ltr'><em>ditionem.</em></span> <span class='ocrx_word' id='word_1_245' title='bbox 1744 2895 2039 2958; x_wconf 72' lang='lat' dir='ltr'><em>—Agendae</em></span> <span class='ocrx_word' id='word_1_246' title='bbox 2056 2896 2129 2942; x_wconf 85' lang='lat' dir='ltr'><em>rei</em></span> <span class='ocrx_word' id='word_1_247' title='bbox 2138 2896 2356 2960; x_wconf 82' lang='lat' dir='ltr'><em>gratiam</em></span> <span class='ocrx_word' id='word_1_248' title='bbox 2363 2912 2495 2957; x_wconf 81' lang='lat' dir='ltr'><em>proe-</em></span> 
     </span>
     <span class='ocr_line' id='line_1_35' title="bbox 1481 2972 2497 3037; baseline 0.003 -20"><span class='ocrx_word' id='word_1_249' title='bbox 1481 2987 1766 3034; x_wconf 70' lang='lat' dir='ltr'><em>occupasse,</em></span> <span class='ocrx_word' id='word_1_250' title='bbox 1803 2972 1895 3019; x_wconf 79' lang='lat' dir='ltr'><em>sihi</em></span> <span class='ocrx_word' id='word_1_251' title='bbox 1922 2973 2230 3037; x_wconf 76' lang='lat' dir='ltr'><em>praeripuisse</em></span> <span class='ocrx_word' id='word_1_252' title='bbox 2260 2973 2462 3037; x_wconf 79' lang='lat' dir='ltr'><em>gratiam</em></span> <span class='ocrx_word' id='word_1_253' title='bbox 2482 3008 2497 3031; x_wconf 89' lang='lat'><strong>,</strong></span> 
     </span>
     <span class='ocr_line' id='line_1_36' title="bbox 1480 3051 2499 3117; baseline 0.003 -19"><span class='ocrx_word' id='word_1_254' title='bbox 1480 3051 1734 3099; x_wconf 83' lang='lat' dir='ltr'><em>tribunitia</em></span> <span class='ocrx_word' id='word_1_255' title='bbox 1770 3052 1963 3099; x_wconf 87' lang='lat' dir='ltr'><em>actione</em></span> <span class='ocrx_word' id='word_1_256' title='bbox 1987 3053 2082 3100; x_wconf 71' lang='lat' dir='ltr'><em>sihi</em></span> <span class='ocrx_word' id='word_1_257' title='bbox 2108 3053 2499 3117; x_wconf 77' lang='lat' dir='ltr'><em>comparandam.</em></span> 
     </span>
     <span class='ocr_line' id='line_1_37' title="bbox 1480 3132 2500 3197; baseline 0.003 -19"><span class='ocrx_word' id='word_1_258' title='bbox 1480 3158 1550 3168; x_wconf 91' lang='lat'><em>-</em></span> <span class='ocrx_word' id='word_1_259' title='bbox 1565 3132 1859 3179; x_wconf 58' lang='lat' dir='ltr'><em>Adi-ausam</em></span> <span class='ocrx_word' id='word_1_260' title='bbox 1871 3144 2089 3189; x_wconf 81' lang='lat' dir='ltr'><em>senatus,</em></span> <span class='ocrx_word' id='word_1_261' title='bbox 2102 3149 2198 3197; x_wconf 81' lang='lat' dir='ltr'><em>per</em></span> <span class='ocrx_word' id='word_1_262' title='bbox 2209 3150 2384 3197; x_wconf 87' lang='lat' dir='ltr'><em>quam,</em></span> <span class='ocrx_word' id='word_1_263' title='bbox 2406 3145 2500 3182; x_wconf 85' lang='lat' dir='ltr'><em>etc.</em></span> 
     </span>
     <span class='ocr_line' id='line_1_38' title="bbox 1481 3206 2497 3277; baseline 0.003 -19"><span class='ocrx_word' id='word_1_264' title='bbox 1481 3222 1537 3259; x_wconf 87' lang='lat' dir='ltr'><em>ut</em></span> <span class='ocrx_word' id='word_1_265' title='bbox 1549 3211 1618 3259; x_wconf 87' lang='lat' dir='ltr'><em>ita</em></span> <span class='ocrx_word' id='word_1_266' title='bbox 1634 3206 1729 3259; x_wconf 72' lang='lat' dir='ltr'><em>sibi</em></span> <span class='ocrx_word' id='word_1_267' title='bbox 1745 3212 2008 3260; x_wconf 83' lang='lat' dir='ltr'><em>concilient</em></span> <span class='ocrx_word' id='word_1_268' title='bbox 2016 3213 2256 3277; x_wconf 83' lang='lat' dir='ltr'><em>primores</em></span> <span class='ocrx_word' id='word_1_269' title='bbox 2269 3216 2471 3261; x_wconf 75' lang='lat' dir='ltr'><em>Patr-um</em></span> <span class='ocrx_word' id='word_1_270' title='bbox 2479 3249 2497 3273; x_wconf 91' lang='lat'><em>,</em></span> 
     </span>
     <span class='ocr_line' id='line_1_39' title="bbox 1482 3290 2429 3342; baseline 0.004 -4"><span class='ocrx_word' id='word_1_271' title='bbox 1482 3301 1533 3339; x_wconf 88' lang='lat' dir='ltr'><em>et</em></span> <span class='ocrx_word' id='word_1_272' title='bbox 1554 3290 1696 3338; x_wconf 76' lang='lat' dir='ltr'><em>simul</em></span> <span class='ocrx_word' id='word_1_273' title='bbox 1719 3291 1984 3339; x_wconf 78' lang='lat' dir='ltr'><em>universum</em></span> <span class='ocrx_word' id='word_1_274' title='bbox 2002 3292 2219 3340; x_wconf 80' lang='lat' dir='ltr'><em>ordinem</em></span> <span class='ocrx_word' id='word_1_275' title='bbox 2246 3309 2429 3342; x_wconf 85' lang='lat' dir='ltr'><em>eorum.</em></span> 
     </span>
    </p>

    <p class='ocr_par' dir='ltr' id='par_1_6' title="bbox 1484 3371 2502 3516">
     <span class='ocr_line' id='line_1_40' title="bbox 1556 3371 2502 3438; baseline 0.004 -21"><span class='ocrx_word' id='word_1_276' title='bbox 1556 3373 1603 3418; x_wconf 88' lang='lat'><em>6.</em></span> <span class='ocrx_word' id='word_1_277' title='bbox 1654 3371 1860 3418; x_wconf 85' lang='lat' dir='ltr'><em>Gratum</em></span> <span class='ocrx_word' id='word_1_278' title='bbox 1901 3371 1958 3419; x_wconf 85' lang='lat' dir='ltr'><em>id</em></span> <span class='ocrx_word' id='word_1_279' title='bbox 1997 3373 2195 3438; x_wconf 78' lang='lat' dir='ltr'><em>singulis</em></span> <span class='ocrx_word' id='word_1_280' title='bbox 2239 3374 2258 3438; x_wconf 98' lang='lat'>(</span> <span class='ocrx_word' id='word_1_281' title='bbox 2280 3375 2393 3423; x_wconf 85' lang='lat' dir='ltr'><em>vide</em></span> <span class='ocrx_word' id='word_1_282' title='bbox 2439 3374 2502 3422; x_wconf 86' lang='lat' dir='ltr'><em>ad</em></span> 
     </span>
     <span class='ocr_line' id='line_1_41' title="bbox 1484 3451 2498 3516; baseline 0.004 -20"><span class='ocrx_word' id='word_1_283' title='bbox 1484 3451 1690 3497; x_wconf 83' lang='lat' dir='ltr'>XXXII</span> <span class='ocrx_word' id='word_1_284' title='bbox 1708 3484 1722 3510; x_wconf 90' lang='lat'>,</span> <span class='ocrx_word' id='word_1_285' title='bbox 1750 3452 1807 3510; x_wconf 82' lang='lat'><em>8,</em></span> <span class='ocrx_word' id='word_1_286' title='bbox 1841 3467 1891 3497; x_wconf 89' lang='lat' dir='ltr'><em>n.</em></span> <span class='ocrx_word' id='word_1_287' title='bbox 1921 3451 1984 3516; x_wconf 88' lang='grc'><em>4)</em></span> <span class='ocrx_word' id='word_1_288' title='bbox 1998 3452 2255 3514; x_wconf 79' lang='lat' dir='ltr'><em>privatim,</em></span> <span class='ocrx_word' id='word_1_289' title='bbox 2292 3463 2347 3498; x_wconf 89' lang='lat' dir='ltr'><em>ut</em></span> <span class='ocrx_word' id='word_1_290' title='bbox 2367 3467 2459 3499; x_wconf 86' lang='lat' dir='ltr'><em>uos</em></span> <span class='ocrx_word' id='word_1_291' title='bbox 2482 3467 2498 3500; x_wconf 72' lang='grc' dir='ltr'><strong><em>ε</em></strong></span> 
     </span>
    </p>
   </div>
   <div class='ocr_carea' id='block_1_6' title="bbox 379 3524 2504 3595">
    <p class='ocr_par' dir='ltr' id='par_1_7' title="bbox 379 3524 2504 3595">
     <span class='ocr_line' id='line_1_42' title="bbox 379 3524 2504 3595; baseline 0.001 -21"><span class='ocrx_word' id='word_1_292' title='bbox 379 3527 536 3575; x_wconf 84' lang='lat' dir='ltr'><em>abavo</em></span> <span class='ocrx_word' id='word_1_293' title='bbox 561 3524 647 3591; x_wconf 90' lang='lat' dir='ltr'><em>(ut</em></span> <span class='ocrx_word' id='word_1_294' title='bbox 663 3526 910 3584; x_wconf 85' lang='lat' dir='ltr'>XXXIV,</span> <span class='ocrx_word' id='word_1_295' title='bbox 933 3527 996 3574; x_wconf 81' lang='lat'><em>58</em></span> <span class='ocrx_word' id='word_1_296' title='bbox 1011 3562 1025 3586; x_wconf 93' lang='lat'><strong>,</strong></span> <span class='ocrx_word' id='word_1_297' title='bbox 1052 3546 1102 3576; x_wconf 90' lang='lat' dir='ltr'><em>n.</em></span> <span class='ocrx_word' id='word_1_298' title='bbox 1127 3545 1148 3575; x_wconf 89' lang='lat'>1</span> <span class='ocrx_word' id='word_1_299' title='bbox 1171 3542 1252 3587; x_wconf 82' lang='lat' dir='ltr'><em>;et</em></span> <span class='ocrx_word' id='word_1_300' title='bbox 1268 3532 1401 3594; x_wconf 84' lang='lat' dir='ltr'><em>apud</em></span> <span class='ocrx_word' id='word_1_301' title='bbox 1469 3528 1569 3595; x_wconf 73' lang='lat' dir='ltr'><em>fiir</em></span> <span class='ocrx_word' id='word_1_302' title='bbox 1586 3529 1689 3577; x_wconf 80' lang='lat' dir='ltr'><em>ihre</em></span> <span class='ocrx_word' id='word_1_303' title='bbox 1706 3534 1911 3587; x_wconf 87' lang='lat' dir='ltr'><em>Person,</em></span> <span class='ocrx_word' id='word_1_304' title='bbox 1944 3543 1992 3579; x_wconf 90' lang='lat' dir='ltr'><em>et</em></span> <span class='ocrx_word' id='word_1_305' title='bbox 2010 3543 2180 3579; x_wconf 88' lang='lat' dir='ltr'><em>eontra</em></span> <span class='ocrx_word' id='word_1_306' title='bbox 2188 3530 2407 3595; x_wconf 81' lang='lat' dir='ltr'><em>publice,</em></span> <span class='ocrx_word' id='word_1_307' title='bbox 2434 3546 2504 3577; x_wconf 85' lang='lat' dir='ltr'><em>ra-</em></span> 
     </span>
    </p>
   </div>
   <div class='ocr_carea' id='block_1_7' title="bbox 379 3605 1400 3906">
    <p class='ocr_par' dir='ltr' id='par_1_8' title="bbox 379 3605 1400 3906">
     <span class='ocr_line' id='line_1_43' title="bbox 379 3605 1397 3668; baseline 0.003 -15"><span class='ocrx_word' id='word_1_308' title='bbox 379 3607 482 3656; x_wconf 89' lang='lat' dir='ltr'><em>Cic.</em></span> <span class='ocrx_word' id='word_1_309' title='bbox 513 3606 617 3652; x_wconf 87' lang='lat' dir='ltr'><em>Fin.</em></span> <span class='ocrx_word' id='word_1_310' title='bbox 647 3605 748 3661; x_wconf 90' lang='lat'>111,</span> <span class='ocrx_word' id='word_1_311' title='bbox 782 3617 872 3663; x_wconf 78' lang='lat'><em>123</em></span> <span class='ocrx_word' id='word_1_312' title='bbox 897 3615 945 3651; x_wconf 88' lang='lat' dir='ltr'><em>et</em></span> <span class='ocrx_word' id='word_1_313' title='bbox 969 3605 1031 3652; x_wconf 84' lang='lat' dir='ltr'><em>ad</em></span> <span class='ocrx_word' id='word_1_314' title='bbox 1053 3606 1165 3655; x_wconf 87' lang='lat' dir='ltr'><em>Div.</em></span> <span class='ocrx_word' id='word_1_315' title='bbox 1187 3610 1288 3667; x_wconf 90' lang='lat'>111,</span> <span class='ocrx_word' id='word_1_316' title='bbox 1312 3624 1397 3668; x_wconf 82' lang='grc' dir='ltr'><strong>ιι,</strong></span> 
     </span>
     <span class='ocr_line' id='line_1_44' title="bbox 380 3682 1400 3748; baseline 0.004 -16"><span class='ocrx_word' id='word_1_317' title='bbox 380 3685 467 3732; x_wconf 85' lang='lat' dir='ltr'><em>ubi</em></span> <span class='ocrx_word' id='word_1_318' title='bbox 493 3701 540 3733; x_wconf 85' lang='lat' dir='ltr'><em>v.</em></span> <span class='ocrx_word' id='word_1_319' title='bbox 574 3682 805 3748; x_wconf 86' lang='lat' dir='ltr'><em>Manut.)</em></span> <span class='ocrx_word' id='word_1_320' title='bbox 846 3692 902 3729; x_wconf 88' lang='lat' dir='ltr'><em>ut</em></span> <span class='ocrx_word' id='word_1_321' title='bbox 927 3682 988 3729; x_wconf 86' lang='lat' dir='ltr'><em>al.</em></span> <span class='ocrx_word' id='word_1_322' title='bbox 1020 3701 1113 3747; x_wconf 87' lang='lat' dir='ltr'><em>pro</em></span> <span class='ocrx_word' id='word_1_323' title='bbox 1139 3687 1316 3734; x_wconf 81' lang='lat' dir='ltr'><em>tritavo</em></span> <span class='ocrx_word' id='word_1_324' title='bbox 1352 3700 1400 3736; x_wconf 89' lang='lat' dir='ltr'><em>et</em></span> 
     </span>
     <span class='ocr_line' id='line_1_45' title="bbox 380 3763 1400 3829; baseline 0.002 -18"><span class='ocrx_word' id='word_1_325' title='bbox 380 3763 663 3825; x_wconf 77' lang='lat' dir='ltr'><em>maJ&#39;oribus.</em></span> <span class='ocrx_word' id='word_1_326' title='bbox 706 3763 889 3811; x_wconf 85' lang='lat' dir='ltr'><em>Contra</em></span> <span class='ocrx_word' id='word_1_327' title='bbox 922 3777 1161 3825; x_wconf 81' lang='lat' dir='ltr'><em>proavum</em></span> <span class='ocrx_word' id='word_1_328' title='bbox 1204 3766 1400 3829; x_wconf 84' lang='lat' dir='ltr'><em>proprie</em></span> 
     </span>
     <span class='ocr_line' id='line_1_46' title="bbox 382 3841 1396 3906; baseline 0 -15"><span class='ocrx_word' id='word_1_329' title='bbox 382 3843 591 3901; x_wconf 82' lang='lat' dir='ltr'><em>dictum,</em></span> <span class='ocrx_word' id='word_1_330' title='bbox 618 3841 705 3889; x_wconf 79' lang='lat' dir='ltr'><em>sed</em></span> <span class='ocrx_word' id='word_1_331' title='bbox 729 3841 877 3905; x_wconf 85' lang='lat' dir='ltr'><em>paulo</em></span> <span class='ocrx_word' id='word_1_332' title='bbox 899 3852 1011 3889; x_wconf 87' lang='lat' dir='ltr'><em>ante</em></span> <span class='ocrx_word' id='word_1_333' title='bbox 1031 3845 1125 3906; x_wconf 81' lang='lat' dir='ltr'><em>Ap.</em></span> <span class='ocrx_word' id='word_1_334' title='bbox 1154 3843 1396 3902; x_wconf 81' lang='lat' dir='ltr'><em>Claudius,</em></span> 
     </span>
    </p>
   </div>
   <div class='ocr_carea' id='block_1_8' title="bbox 368 3919 1400 4067">
    <p class='ocr_par' dir='ltr' id='par_1_9' title="bbox 368 3919 1400 4067">
     <span class='ocr_line' id='line_1_47' title="bbox 368 3919 1400 3991; baseline 0 -21"><span class='ocrx_word' id='word_1_335' title='bbox 368 3922 511 3991; x_wconf 83' lang='lat' dir='ltr'><em>filius</em></span> <span class='ocrx_word' id='word_1_336' title='bbox 523 3922 626 3985; x_wconf 84' lang='lat' dir='ltr'><em>ejus</em></span> <span class='ocrx_word' id='word_1_337' title='bbox 637 3955 654 3978; x_wconf 93' lang='lat'>‚</span> <span class='ocrx_word' id='word_1_338' title='bbox 674 3932 767 3969; x_wconf 84' lang='lat' dir='ltr'><em>etc.</em></span> <span class='ocrx_word' id='word_1_339' title='bbox 782 3919 1040 3985; x_wconf 82' lang='lat' dir='ltr'><em>legendum</em></span> <span class='ocrx_word' id='word_1_340' title='bbox 1057 3922 1259 3987; x_wconf 85' lang='lat' dir='ltr'><em>putabat</em></span> <span class='ocrx_word' id='word_1_341' title='bbox 1270 3924 1400 3971; x_wconf 84' lang='lat' dir='ltr'><em>Glar.</em></span> 
     </span>
     <span class='ocr_line' id='line_1_48' title="bbox 383 4000 902 4067; baseline -0.006 -17"><span class='ocrx_word' id='word_1_342' title='bbox 383 4019 485 4050; x_wconf 84' lang='lat' dir='ltr'><em>non</em></span> <span class='ocrx_word' id='word_1_343' title='bbox 512 4000 722 4067; x_wconf 85' lang='lat' dir='ltr'><em>improb.</em></span> <span class='ocrx_word' id='word_1_344' title='bbox 751 4000 902 4047; x_wconf 76' lang='lat' dir='ltr'><em>Drak.</em></span> 
     </span>
    </p>
   </div>
   <div class='ocr_carea' id='block_1_9' title="bbox 389 4081 1406 4224">
    <p class='ocr_par' dir='ltr' id='par_1_10' title="bbox 389 4081 1406 4224">
     <span class='ocr_line' id='line_1_49' title="bbox 457 4081 1406 4149; baseline 0.001 -21"><span class='ocrx_word' id='word_1_345' title='bbox 457 4090 504 4137; x_wconf 90' lang='grc'><em>4.</em></span> <span class='ocrx_word' id='word_1_346' title='bbox 521 4081 748 4129; x_wconf 85' lang='lat' dir='ltr'><em>Homines</em></span> <span class='ocrx_word' id='word_1_347' title='bbox 771 4096 941 4137; x_wconf 81' lang='lat' dir='ltr'><em>novos,</em></span> <span class='ocrx_word' id='word_1_348' title='bbox 984 4092 1034 4128; x_wconf 83' lang='lat' dir='ltr'><em>et</em></span> <span class='ocrx_word' id='word_1_349' title='bbox 1051 4082 1261 4149; x_wconf 76' lang='lat' dir='ltr'><em>collegas</em></span> <span class='ocrx_word' id='word_1_350' title='bbox 1272 4081 1406 4146; x_wconf 80' lang='lat' dir='ltr'><em>pn&#39;n-</em></span> 
     </span>
     <span class='ocr_line' id='line_1_50' title="bbox 389 4159 1101 4224; baseline 0.001 -16"><span class='ocrx_word' id='word_1_351' title='bbox 389 4161 539 4224; x_wconf 74' lang='lat' dir='ltr'><em>cipes,</em></span> <span class='ocrx_word' id='word_1_352' title='bbox 570 4161 683 4210; x_wconf 82' lang='lat' dir='ltr'><em>vide</em></span> <span class='ocrx_word' id='word_1_353' title='bbox 698 4159 763 4209; x_wconf 82' lang='lat' dir='ltr'><em>ad</em></span> <span class='ocrx_word' id='word_1_354' title='bbox 786 4163 837 4221; x_wconf 92' lang='lat'><em>1,</em></span> <span class='ocrx_word' id='word_1_355' title='bbox 865 4162 959 4220; x_wconf 81' lang='grc'><em>34,</em></span> <span class='ocrx_word' id='word_1_356' title='bbox 981 4177 1031 4207; x_wconf 94' lang='grc' dir='ltr'><em>ιι.</em></span> <span class='ocrx_word' id='word_1_357' title='bbox 1054 4162 1101 4209; x_wconf 89' lang='grc'><em>8.</em></span> 
     </span>
    </p>
   </div>
   <div class='ocr_carea' id='block_1_10' title="bbox 1484 3608 2508 4212">
    <p class='ocr_par' dir='ltr' id='par_1_11' title="bbox 1484 3608 2508 4212">
     <span class='ocr_line' id='line_1_51' title="bbox 1484 3608 2502 3674; baseline 0 -18"><span class='ocrx_word' id='word_1_358' title='bbox 1484 3609 1623 3656; x_wconf 87' lang='lat' dir='ltr'><em>tione</em></span> <span class='ocrx_word' id='word_1_359' title='bbox 1642 3610 1763 3672; x_wconf 82' lang='lat' dir='ltr'><em>reip.</em></span> <span class='ocrx_word' id='word_1_360' title='bbox 1778 3609 1854 3657; x_wconf 83' lang='lat' dir='ltr'><em>Cf.</em></span> <span class='ocrx_word' id='word_1_361' title='bbox 1870 3610 1934 3666; x_wconf 81' lang='lat' dir='ltr'><em>V,</em></span> <span class='ocrx_word' id='word_1_362' title='bbox 1964 3611 2027 3657; x_wconf 83' lang='lat'><em>30</em></span> <span class='ocrx_word' id='word_1_363' title='bbox 2050 3625 2127 3674; x_wconf 87' lang='lat' dir='ltr'><em>pr.</em></span> <span class='ocrx_word' id='word_1_364' title='bbox 2151 3620 2199 3656; x_wconf 88' lang='lat' dir='ltr'><em>et</em></span> <span class='ocrx_word' id='word_1_365' title='bbox 2222 3608 2502 3670; x_wconf 81' lang='lat' dir='ltr'>XXXVII,</span> 
     </span>
     <span class='ocr_line' id='line_1_52' title="bbox 1488 3687 2504 3751; baseline 0 -17"><span class='ocrx_word' id='word_1_366' title='bbox 1488 3688 1571 3734; x_wconf 83' lang='lat'><em>36.</em></span> <span class='ocrx_word' id='word_1_367' title='bbox 1597 3714 1668 3724; x_wconf 94' lang='lat'>—</span> <span class='ocrx_word' id='word_1_368' title='bbox 1691 3689 1790 3733; x_wconf 82' lang='lat' dir='ltr'><em>Sex</em></span> <span class='ocrx_word' id='word_1_369' title='bbox 1823 3687 1897 3733; x_wconf 88' lang='lat' dir='ltr'><em>ad</em></span> <span class='ocrx_word' id='word_1_370' title='bbox 1913 3687 2296 3734; x_wconf 82' lang='lat' dir='ltr'><em>intercessionem</em></span> <span class='ocrx_word' id='word_1_371' title='bbox 2313 3701 2504 3751; x_wconf 83' lang='lat' dir='ltr'><em>compa-</em></span> 
     </span>
     <span class='ocr_line' id='line_1_53' title="bbox 1488 3756 2505 3829; baseline 0.003 -17"><span class='ocrx_word' id='word_1_372' title='bbox 1488 3781 1679 3821; x_wconf 78' lang='lat' dir='ltr'><em>ravere,</em></span> <span class='ocrx_word' id='word_1_373' title='bbox 1727 3756 1783 3812; x_wconf 84' lang='lat' dir='ltr'><em>ut</em></span> <span class='ocrx_word' id='word_1_374' title='bbox 1799 3766 1872 3812; x_wconf 80' lang='lat' dir='ltr'><em>VI</em></span> <span class='ocrx_word' id='word_1_375' title='bbox 1887 3800 1901 3823; x_wconf 93' lang='lat'>,</span> <span class='ocrx_word' id='word_1_376' title='bbox 1941 3766 2033 3824; x_wconf 80' lang='lat'><em>35,</em></span> <span class='ocrx_word' id='word_1_377' title='bbox 2074 3765 2216 3812; x_wconf 80' lang='lat' dir='ltr'><em>simul</em></span> <span class='ocrx_word' id='word_1_378' title='bbox 2250 3782 2505 3829; x_wconf 84' lang='lat' dir='ltr'><em>paravere,</em></span> 
     </span>
     <span class='ocr_line' id='line_1_54' title="bbox 1488 3843 2507 3911; baseline 0.002 -19"><span class='ocrx_word' id='word_1_379' title='bbox 1488 3843 1568 3892; x_wconf 81' lang='lat' dir='ltr'><em>vel</em></span> <span class='ocrx_word' id='word_1_380' title='bbox 1603 3858 1936 3908; x_wconf 66' lang='lat' dir='ltr'><em>praeparavere</em></span> <span class='ocrx_word' id='word_1_381' title='bbox 1955 3878 1970 3903; x_wconf 92' lang='lat'>,</span> <span class='ocrx_word' id='word_1_382' title='bbox 2008 3843 2090 3890; x_wconf 82' lang='lat' dir='ltr'><em>vel</em></span> <span class='ocrx_word' id='word_1_383' title='bbox 2128 3843 2333 3908; x_wconf 75' lang='lat' dir='ltr'><em>simplex</em></span> <span class='ocrx_word' id='word_1_384' title='bbox 2367 3863 2507 3911; x_wconf 82' lang='lat' dir='ltr'><em>para—</em></span> 
     </span>
     <span class='ocr_line' id='line_1_55' title="bbox 1489 3922 2508 3991; baseline 0.004 -21"><span class='ocrx_word' id='word_1_385' title='bbox 1489 3939 1603 3970; x_wconf 80' lang='lat' dir='ltr'><em>vere</em></span> <span class='ocrx_word' id='word_1_386' title='bbox 1617 3956 1632 3978; x_wconf 87' lang='lat'><strong>‚</strong></span> <span class='ocrx_word' id='word_1_387' title='bbox 1659 3922 1996 3986; x_wconf 80' lang='lat' dir='ltr'><em>persuadendo</em></span> <span class='ocrx_word' id='word_1_388' title='bbox 2017 3922 2262 3973; x_wconf 86' lang='lat' dir='ltr'><em>adduxere</em></span> <span class='ocrx_word' id='word_1_389' title='bbox 2278 3960 2293 3985; x_wconf 89' lang='lat'><strong>,</strong></span> <span class='ocrx_word' id='word_1_390' title='bbox 2318 3926 2371 3973; x_wconf 89' lang='lat' dir='ltr'><em>in</em></span> <span class='ocrx_word' id='word_1_391' title='bbox 2396 3943 2508 3991; x_wconf 84' lang='lat' dir='ltr'><em>par-</em></span> 
     </span>
     <span class='ocr_line' id='line_1_56' title="bbox 1490 4005 2505 4072; baseline 0.006 -21"><span class='ocrx_word' id='word_1_392' title='bbox 1490 4016 1565 4051; x_wconf 77' lang='lat' dir='ltr'><em>tes</em></span> <span class='ocrx_word' id='word_1_393' title='bbox 1591 4019 1700 4049; x_wconf 82' lang='lat' dir='ltr'><em>suas</em></span> <span class='ocrx_word' id='word_1_394' title='bbox 1726 4013 1912 4051; x_wconf 78' lang='lat' dir='ltr'><em>traxere</em></span> <span class='ocrx_word' id='word_1_395' title='bbox 1926 4039 1940 4063; x_wconf 87' lang='lat'>‚</span> <span class='ocrx_word' id='word_1_396' title='bbox 1955 4005 2222 4069; x_wconf 86' lang='lat' dir='ltr'><em>perlicuere</em></span> <span class='ocrx_word' id='word_1_397' title='bbox 2238 4042 2253 4067; x_wconf 88' lang='lat'><strong>,</strong></span> <span class='ocrx_word' id='word_1_398' title='bbox 2278 4019 2333 4055; x_wconf 89' lang='lat' dir='ltr'><em>ut</em></span> <span class='ocrx_word' id='word_1_399' title='bbox 2358 4009 2505 4072; x_wconf 77' lang='lat' dir='ltr'><em>paulo</em></span> 
     </span>
     <span class='ocr_line' id='line_1_57' title="bbox 1493 4082 2502 4153; baseline 0.005 -23"><span class='ocrx_word' id='word_1_400' title='bbox 1493 4093 1606 4130; x_wconf 83' lang='lat' dir='ltr'><em>ante</em></span> <span class='ocrx_word' id='word_1_401' title='bbox 1628 4082 1813 4132; x_wconf 86' lang='lat' dir='ltr'><em>dictum</em></span> <span class='ocrx_word' id='word_1_402' title='bbox 1839 4095 1941 4144; x_wconf 79' lang='lat' dir='ltr'><em>est,</em></span> <span class='ocrx_word' id='word_1_403' title='bbox 1967 4085 2152 4134; x_wconf 74' lang='lat' dir='ltr'><em>scilicet</em></span> <span class='ocrx_word' id='word_1_404' title='bbox 2163 4086 2404 4153; x_wconf 80' lang='lat' dir='ltr'><em>principes</em></span> <span class='ocrx_word' id='word_1_405' title='bbox 2428 4104 2502 4134; x_wconf 75' lang='lat' dir='ltr'><em>se-</em></span> 
     </span>
     <span class='ocr_line' id='line_1_58' title="bbox 1495 4173 1734 4212; baseline 0.008 -2"><span class='ocrx_word' id='word_1_406' title='bbox 1495 4173 1734 4212; x_wconf 85' lang='lat' dir='ltr'><em>natorum.</em></span> 
     </span>
    </p>
   </div>
  </div>
 </body>
</html>
