3000 4717
419 314 467 350 A.
497 312 544 350 C.
571 313 793 358 432—432.

422 370 474 410 U.
500 372 546 411 C.
572 373 793 412 sao—321.

923 333 1117 402 LIB.
1173 334 1304 400 IV.
1359 334 1575 404 CAP.
1631 336 1923 406 XXIV.

364 478 527 523 rum
565 454 1004 552 magistratui
1044 455 1385 550 imposito
1411 508 1430 541 ,

2394 296 2475 412 ει

1482 454 1629 526 fine
1678 456 1916 546 alteri,
1961 484 2125 530 cum
2167 461 2483 558 gratula-

364 564 561 635 tione
599 588 681 635 ac
725 562 970 635 favore
1011 564 1284 661 ingenti
1335 565 1588 663 populi
1624 565 1921 637 domum
1963 583 2068 642 est
2112 571 2478 643 reductae.

366 672 721 746 Censores
738 670 792 764 5,
820 698 1003 771 aegre
1033 674 1218 770 passi
1251 675 1729 762 Mamercum,
1756 677 1957 773 quod
1992 680 2481 776 magistratum

363 785 624 883 populi
652 787 932 857 romani
966 787 1374 875 minuisset,
1413 785 1609 857 tribu
1650 803 2069 876 moverunt,
2100 791 2481 888 octuplica··

362 892 631 993 toque⁶
664 920 886 967 censu
919 896 1244 984 aerarium
1272 894 1622 970 fecerunt.
1654 900 1889 988 Quam
1922 924 2076 971 rem
2108 901 2348 998 ipsum
2380 902 2484 970 in·-

363 1090 620 1155 telligitur,
648 1093 759 1155 quia
790 1108 929 1139 suum
955 1091 1174 1154 deposuit
1199 1092 1376 1157 magis-

350 1177 567 1228 ,tr-amm,
592 1182 640 1218 et
657 1171 802 1220 verba
813 1172 945 1229 haec,
953 1171 1065 1238 fine
1082 1170 1248 1227 alteri,
1268 1185 1376 1235 quae

361 1265 391 1295 a
417 1265 443 1308 7
469 1251 594 1307 Mss
620 1250 821 1322 abeunt,
841 1251 941 1310 jam
966 1250 1049 1297 alii
1076 1250 1280 1298 delenda
1300 1252 1377 1311 ju-

363 1327 602 1376 dicarunt.
1186 1345 1189 1350 ·

433 1405 481 1454 5.
505 1407 744 1463 Censores,
765 1423 892 1471 oegre
900 1406 1063 1470 passi,
1087 1417 1178 1453 etc.
1193 1407 1267 1453 M.
1286 1410 1377 1453 Fu-

360 1486 461 1533 rius
479 1496 533 1534 et
547 1487 619 1536 M.
643 1486 904 1550 Geganius.
933 1485 1115 1535 Confer
1136 1485 1248 1531 infr.
1272 1485 1375 1542 IX,

362 1566 454 1623 33,
477 1566 644 1621 34.--
662 1564 807 1612 Tribu
829 1563 1009 1610 moveri
1028 1579 1057 1609 a
1080 1577 1280 1609 censore
1303 1557 1377 1608 di-

270 1697 280 1706 ἱ
360 1644 485 1692 citur
511 1645 582 1703 is,
606 1644 686 1692 eui
714 1644 946 1691 adimitur
972 1644 1052 1700 jus
1080 1639 1298 1703 suffragii
1323 1640 1376 1685 in

359 1735 446 1769 sua
468 1723 601 1770 tribu
615 1758 630 1783 ,
657 1721 838 1785 quique
856 1737 921 1767 ex
944 1736 1000 1767 ea
1022 1720 1076 1765 in
1093 1718 1235 1765 aliam
1249 1751 1263 1775 ,
1291 1718 1377 1764 mi·

358 1816 452 1849 nus
465 1801 745 1858 honestam,
762 1811 813 1847 et
828 1797 1053 1863 quidem,
1072 1796 1188 1844 inde
1205 1812 1233 1843 11
1254 1807 1374 1844 tem·

358 1880 565 1945 poribus
588 1882 650 1942 Q.
672 1879 812 1926 Fabii
837 1877 1075 1934 censoris,
1094 1875 1376 1940 plerumque

357 1976 386 2006 e
411 1959 591 2007 rustica
611 1959 667 2005 in
691 1958 923 2006 urbanam
950 1955 1236 2016 conjicitur3
1263 1955 1376 2003 vide

356 2038 419 2085 ad
448 2041 498 2096 1,
529 2039 622 2097 43,
647 2051 695 2085 n.
725 2053 809 2085 22.
840 2035 921 2085 sie
947 2037 1092 2086 etiam
1114 2045 1236 2082 nota
1262 2050 1376 2082 cen-

356 2117 487 2165 soria
507 2127 700 2167 senator
717 2128 887 2168 senatu
906 2116 984 2164 vel
1005 2116 1110 2163 loco
1130 2113 1375 2162 senatorio

354 2197 536 2243 moveri
572 2195 657 2263 (ut
683 2197 745 2243 de
771 2207 827 2243 et
851 2213 878 2242 e
915 2206 1085 2242 senatu
1119 2193 1231 2259 ejici
1261 2196 1376 2252 XL,

358 2274 449 2335 513
474 2275 615 2334 XLI,
640 2271 947 2336 273xL111,
974 2271 1262 2332 153XLIV,
1286 2287 1374 2333 193

354 2366 525 2401 senam
543 2369 755 2403 emovere
766 2366 816 2402 et
827 2353 959 2415 tribu,
970 2367 1208 2399 removere
1220 2353 1376 2412 XLV,

365 2433 444 2488 15,
463 2450 513 2482 n.
537 2434 591 2492 5,
612 2434 673 2481 al.
696 2434 998 2488 submovet-u
1018 2431 1148 2478 conf.
1173 2429 1236 2476 ad
1259 2432 1373 2478 Tac.

357 2511 536 2558 Annal.
575 2514 738 2569 XIII,
777 2527 865 2569 11,
899 2509 997 2574 4),
1033 2503 1185 2573 equiti
1226 2525 1374 2572 equus

359 2589 537 2645 adimi,
564 2595 613 2636 et
635 2590 713 2637 vel
739 2589 1030 2637 nobilissimi
1057 2589 1188 2635 cives
1211 2588 1381 2637 cerarii

343 2667 470 2734 fieri
502 2668 580 2715 vel
618 2668 668 2714 iu
697 2668 898 2714 cerarios
931 2667 1104 2731 refe'm'
1132 2678 1376 2730 poterant.

358 2746 434 2795 Cf.
449 2748 644 2805 XXIV,
672 2747 756 2803 16,
786 2748 873 2803 18,
893 2746 983 2803 43;
1007 2746 1266 2797 XXXIX,
1283 2753 1344 2798 42
1362 2780 1377 2803 ,

357 2842 407 2875 n.
425 2826 480 2885 33
502 2826 684 2883 XLIV,
710 2826 798 2884 163
824 2826 979 2883 XLV,
1003 2824 1063 2871 15
1081 2821 1381 2886 (ubiLivius

357 2905 478 2954 dicit
492 2940 506 2964 ,
531 2906 655 2954 tribu
675 2920 884 2962 movere,
914 2920 999 2951 seu
1016 2916 1256 2949 removere
1274 2916 1378 2949 esse

356 2997 545 3033 mutare
553 2986 728 3051 jubere
745 2984 920 3032 tribum
935 2994 983 3031 et
996 2979 1226 3048 suffiagii
1238 2980 1378 3027 Iatio-

358 3079 465 3110 nem
487 3063 758 3130 adimere);
786 3065 939 3111 Goon.
960 3062 1021 3109 de
1045 3078 1152 3126 pec.
1175 3070 1269 3107 vet.
1285 3060 1376 3119 IV,

366 3143 566 3201 13Duk.
585 3145 649 3191 ad
668 3144 719 3191 h.
743 3144 776 3191 l.
804 3143 955 3191 Drak.
983 3142 1046 3189 ad
1069 3141 1264 3199 XXIV,
1288 3141 1377 3198 18,

358 3237 409 3267 n.
445 3221 493 3267 6.
520 3221 768 3284 (AErarii‚
803 3222 986 3273 οἰκέται
1018 3224 1102 3271 τοῦ
1138 3219 1376 3289 ταμείου,

360 3299 534 3348 eodem
554 3300 653 3348 fere
667 3315 809 3348 sensu
822 3301 1124 3359 dicebantur,
1144 3315 1247 3363 quo
1266 3315 1373 3346 aevo

359 3379 621 3445 posteriori
650 3380 885 3436 Curiata,
915 3381 1234 3444 βουλευτικοῖς
1257 3396 1374 3447 συγ-

359 3458 694 3529 κατηριβμένῦι
719 3459 1021 3528 κατάλογοις,
1047 3471 1095 3506 et
1120 3458 1254 3525 apud
1277 3473 1370 3504 nos

358 3542 390 3588 J
392 3539 544 3596 udaei,
572 3537 654 3584 des
694 3536 973 3585 Remischen
1007 3536 1174 3585 Reiclzs
1215 3538 1369 3583 Kam-

360 3616 658 3666 merkneckte
668 3651 685 3673 ,
710 3615 934 3664 homines
949 3650 963 3672 ‚
990 3616 1074 3678 qui
1098 3629 1255 3677 neque
1281 3614 1372 3661 ho-

358 3711 503 3745 nores
523 3695 730 3761 adipisci
747 3705 976 3759 poterant
989 3726 1004 3750 ,
1028 3709 1185 3756 neque
1208 3694 1375 3740 suffra-

358 3777 426 3841 gii
449 3777 535 3837 jus.
553 3775 822 3832 habebant,
845 3773 933 3821 sed
955 3781 1092 3820 erant
1127 3772 1265 3834 quasi
1290 3788 1378 3835 pe-

358 3856 540 3903 culium
573 3855 729 3903 aerarii
744 3885 759 3912 ,
785 3853 866 3900 oui
900 3852 1138 3900 tributum
1163 3848 1378 3913 pendere

359 3933 599 3983 debebant
612 3950 626 3984 :
639 3932 848 3981 habebat
861 3947 1035 3995 nempe
1046 3928 1266 3979 aerarium
1279 3939 1377 3976 tam

358 4030 501 4063 suum
521 4013 727 4061 fundum
753 4025 990 4077 agrosque
1005 4045 1020 4070 ‚
1042 4023 1187 4074 quam
1218 4008 1376 4055 homi-

358 4108 444 4140 nes
454 4126 470 4153 ,
491 4110 555 4142 ex.
567 4093 743 4156 quibus
756 4091 940 4141 reditus
953 4090 1201 4155 capiebam
1218 4103 1376 4153 neque

1465 1093 1628 1141 minus
1653 1110 1766 1157 ager
1801 1111 1944 1159 quam
1969 1095 2122 1143 homo
2160 1097 2356 1143 aerarius
2383 1113 2486 1144 esse

1462 1183 1682 1237 poterat3
1703 1173 1926 1236 Stroth).
1945 1176 2079 1237 Quin
2093 1176 2237 1222 etiam
2250 1191 2353 1222 non
2374 1175 2504 1222 dee:

1463 1263 1576 1299 rant
1592 1268 1818 1326 cemores
1834 1286 1849 1311 ,
1878 1254 1963 1315 qui
1982 1270 2041 1300 eo
2062 1255 2145 1301 irae
2163 1254 2487 1317 procederent

1426 1392 1431 1397 “
1464 1341 1513 1377 et
1540 1341 1795 1395 tantopere
1821 1333 1922 1378 vim
1948 1348 2083 1378 suam
2110 1331 2371 1379 extendere
2404 1348 2488 1379 co-

1463 1419 1722 1464 narentur,
1742 1421 1798 1456 ut
1815 1410 1948 1455 tribu
1960 1411 2107 1456 motis
2126 1425 2228 1456 non
2245 1411 2396 1457 modo
2409 1411 2490 1470 jus

1464 1485 1711 1547 suffragii,
1730 1486 1894 1533 relatis
1913 1486 1975 1532 iis
2001 1487 2130 1534 inter
2152 1489 2347 1535 aerarios
2363 1523 2377 1546 ‚
2401 1489 2490 1536 sed
2529 1474 2536 1478 ⁹

1465 1562 1611 1609 etiam
1627 1564 1900 1612 libertatem
1919 1576 1967 1612 et
1980 1567 2061 1625 jus
2075 1566 2288 1614 civitatis
2306 1563 2489 1615 idimo-

1463 1653 1574 1689 rent
1588 1641 1753 1706 (quod
1772 1655 2001 1691 conatum
2021 1661 2123 1692 esse
2144 1648 2487 1710 Sempronium

1464 1717 1737 1768 Gracchum
1755 1719 2013 1785 probabile
2025 1721 2083 1770 fit
2098 1741 2161 1771 ex
2172 1726 2491 1773 contentione

1462 1799 1655 1847 Claudii
1681 1801 1733 1847 in
1760 1801 1873 1850 loeo
1908 1802 2056 1848 «1111311.-
2077 1802 2166 1850 inf.
2194 1805 2349 1862 XLV,
2375 1804 2490 1868 15),

1465 1888 1514 1924 et
1532 1878 1811 1926 universum
1828 1879 1950 1927 adeo
1968 1881 2207 1944 populum
2224 1898 2346 1930 rom.
2372 1898 2489 1930 aera-

1463 1956 1591 2004 rium
1614 1958 1914 2016 facerent,v.
1938 1975 1981 2006 c.
2005 1959 2077 2006 M.
2102 1960 2268 2007 Livius
2283 1961 2489 2020 XXIX,

1469 2035 1550 2095 37.
1576 2036 1673 2084 Sed
1696 2045 1813 2084 nota
1836 2041 2090 2086 centorum
2117 2038 2330 2085 rescindi
2353 2052 2491 2103 pote-

1464 2126 1539 2162 rat
1562 2125 1667 2164 tum
1688 2132 1716 2166 a
1734 2116 1934 2180 collegis
1959 2116 2038 2164 vel
2051 2116 2160 2162 aliis
2180 2118 2492 2177 censoribus,

1464 2205 1570 2242 tum
1597 2211 1624 2241 a
1648 2195 1862 2259 populo;
1889 2179 1937 2243 θ’.
1963 2195 2067 2242 Cic.
2095 2211 2189 2259 pro
2223 2196 2415 2245 Cluent.
2446 2214 2489 2245 c.

1466 2273 1550 2328 43.
1570 2274 1701 2321 Hinc
1720 2265 1862 2321 edam
1883 2269 2155 2321 Mamercus
2176 2274 2387 2321 dictator
2398 2275 2489 2322 ite·-

1464 2363 1572 2400 rum
1594 2353 1842 2408 factumest
1860 2351 1941 2417 (v.
1955 2353 2044 2402 inf.
2061 2363 2167 2417 cap.
2186 2353 2213 2400 3
2226 2367 2247 2398 1
2272 2367 2371 2416 seq.
2381 2351 2419 2419 ),
2433 2364 2490 2401 ut

1463 2432 1692 2479 Metellus
1710 2434 1935 2480 tribunus
1952 2432 2021 2497 pl.
2038 2431 2173 2496 (vide
2189 2434 2383 2492 XXIV,
2399 2432 2488 2498 43)

1465 2511 1552 2572 qui
1573 2511 1677 2558 scil.
1703 2529 1767 2559 ex
1789 2511 1971 2559 aer'ariis
1988 2523 2157 2576 postea
2177 2512 2392 2576 exempti
2412 2512 2486 2559 vi-

1466 2587 1660 2639 dentur.
1688 2591 1929 2640 Caeterum
1953 2595 2079 2637 tinus
2111 2605 2308 2649 censor,
2331 2591 2484 2638 altero

1464 2667 1777 2727 adversante,
1797 2670 2038 2718 neminem
2062 2680 2233 2718 senatu
2249 2670 2328 2717 vel
2354 2669 2486 2718 tribu

1466 2762 1666 2794 movere
1691 2759 1914 2811 poterat3
1940 2764 1987 2793 v.
2013 2748 2076 2793 ad
2102 2745 2216 2805 LX,
2243 2748 2325 2805 51,
2354 2765 2405 2794 n.
2433 2764 2481 2796 α.

1539 2826 1589 2872 6.
1631 2825 1933 2887 octuplicato
1966 2840 2110 2871 censu
2142 2824 2373 2872 cerarium
2387 2859 2403 2880 ‚
2431 2835 2492 2874 ut

1466 2911 1657 2957 tantum
1674 2902 1846 2948 aerario
1870 2900 2042 2952 tributi
2062 2901 2277 2965 pendere
2298 2901 2487 2961 jubere-

1467 2991 1572 3039 tur,
1592 2974 1825 3044 quantum
1844 2980 2041 3044 pendit,
2067 2981 2153 3044 qui
2175 2996 2374 3028 censum
2402 2996 2485 3027 oc-

1465 3059 1607 3125 tuplo
1621 3060 1853 3120 majorem
1866 3092 1880 3117 ,
1902 3075 2047 3122 quam
2062 3059 2169 3118 ille,
2187 3058 2360 3118 habet3
2380 3060 2457 3106 vel
2469 3094 2484 3118 ,

1464 3139 1552 3185 ubi
1569 3133 1788 3186 nonduin
1810 3149 2006 3187 notatus
2024 3140 2078 3186 in
2094 3139 2246 3186 millia
2260 3155 2324 3185 ex
2336 3151 2487 3187 censu

1465 3218 1854 3267 contulisset-aut
1873 3233 1967 3283 pro
1991 3235 2141 3268 censu
2162 3218 2376 3283 pendere
2401 3217 2484 3265 de-

1461 3298 1649 3345 buisset
1673 3314 1827 3345 assem
1854 3313 2004 3345 unum
2023 3333 2040 3357 ,
2065 3313 2197 3345 nune
2222 3309 2337 3346 octo
2365 3313 2485 3360 pen-

1463 3377 1577 3426 dere
1601 3376 1815 3425 deberet.
1837 3377 1912 3425 Cf.
1936 3378 2091 3426 Gron.
2114 3377 2174 3425 de
2190 3389 2367 3441 pecun.
2384 3387 2484 3422 vet.

1460 3458 1551 3515 IV,
1583 3456 1727 3516 1‚ubi
1752 3456 1894 3505 etiam
1915 3457 2092 3508 refellit
2111 3455 2486 3519 explicationem

1458 3537 1613 3583 Marc.
1637 3536 1822 3583 Donati
1844 3534 1927 3598 (ut
1950 3537 2160 3583 solveret
2185 3547 2278 3596 pro
2305 3543 2394 3576 suo
2414 3546 2493 3577 ca-

1459 3613 1564 3678 pite
1599 3615 1855 3677 octuplum
1879 3612 2017 3676 quod
2037 3611 2198 3674 capite
2226 3608 2386 3666 censi,
2410 3609 2487 3656 vel

1462 3693 1618 3740 octies
1648 3703 1836 3740 tantum
1876 3699 2114 3752 quantum
2154 3687 2314 3750 capite
2354 3687 2489 3734 censi

1463 3771 1678 3837 pendere
1701 3764 2049 3829 tenebantur),
2064 3765 2177 3828 quia
2194 3764 2361 3813 Livius
2381 3782 2485 3813 non

1467 3850 1647 3897 dixerit
1662 3845 2005 3911 octuplicatam
2016 3844 2362 3908 capitationem
2374 3880 2389 3904 ,
2403 3857 2487 3894 aut

1466 3927 1766 3991 octuplieato
1779 3941 1874 3972 aere
1887 3925 2048 3989 capite
2061 3939 2258 3972 censum
2270 3959 2285 3984 ‚
2303 3926 2388 3973 sed
2407 3942 2485 3973 oe·

1466 4006 1698 4072 tuplicato
1730 4007 1873 4053 censu
1898 4002 2068 4066 (cujus
2081 4006 2104 4051 Ρ
2129 4004 2284 4069 ipsius
2314 4006 2482 4069 utique

1463 4083 1735 4150 Mamerci)
1770 4084 2013 4134 aerarium.
2042 4112 2113 4120 —-—
2146 4085 2248 4147 Qui
2288 4085 2483 4132 aerarius

2052 4176 2128 4257 4.
