3000 4717
440 365 495 465 ἓξ
520 362 819 467 ἓῑὲῗίῐξέξῑ
881 384 1200 452 LIBER
1260 382 1388 451 tv.
1446 381 1667 451 cAP.
1730 380 2020 447 xxvi.
2420 373 2509 445 55

386 524 543 575 sum
558 493 768 599 AEqui
784 558 802 586 ‚
816 523 1146 572 seorsum
1157 502 1431 590 Volsci,
1455 514 1682 571 castra
1697 500 2234 569 communivere
2249 524 2267 585 ;
2289 498 2526 567 in'tenss

386 614 711 710 ti‘orque‚
739 636 954 707 quam
986 636 1309 708 unquam
1344 625 1509 682 ante
1528 667 1547 700 ‚
1581 610 1957 680 muniendi
1987 607 2514 703 exercendique

385 724 686 793 militem
720 747 889 793 cura
916 721 1223 792 ducibus
1251 736 1441 793 erat:
1470 729 1562 792 'eo
1592 721 1756 818 plus
1789 721 2027 791 nuntii
2055 719 2349 789 terroris
2382 723 2516 788 Ro-

383 857 578 902 mam
624 834 948 903 attulere.
982 835 1289 904 ⁴Senatui
1331 834 1755 904 dictatorem
1793 832 1934 902 dici
1964 830 2266 929 placuit3
2300 833 2464 926 quia
2489 886 2506 915 ‚

386 944 516 1012 etsi
546 945 729 1040 saepe
747 944 913 1014 victi
941 944 1217 1041 populi,
1239 944 1509 1038 majore
1535 955 1780 1014 tamen
1801 953 2090 1029 conatu,
2108 961 2325 1038 quam
2346 940 2513 1010 alias

380 1076 748 1149 unquam,
778 1052 1214 1125 rebellarent
1254 1083 1268 1124 ε
1313 1070 1386 1126 et
1418 1056 1871 1151 aliquantum
1910 1071 2226 1122 romanae
2257 1049 2513 1144 juven-

386 1163 558 1231 tutis
578 1161 839 1233 morbo
860 1162 1324 1260 absumptum
1348 1179 1517 1235 erat.
1544 1169 1729 1236 Ante
1744 1164 1986 1233 omnia
2000 1156 2344 1259 pravitas-⁹*
2361 1181 2522 1228 con·

389 1271 660 1358 sulum,
692 1271 1189 1371 discordiaque
1219 1275 1409 1345 inter
1439 1275 1636 1369 ipsos
1656 1329 1676 1361 ‚
1709 1283 1782 1342 et
1814 1272 2199 1340 certamina
2226 1272 2302 1338 in
2340 1293 2519 1339 con-

388 1380 559 1451 siliis
587 1381 926 1453 omnibus
956 1383 1366 1455 terrebant:
1402 1396 1572 1453 sunt
1589 1436 1608 1469 ‚
1625 1382 1754 1476 qui
1783 1380 1968 1450 male
1995 1393 2398 1475 pugnatum
2429 1378 2518 1448 ab

387 1492 499 1564 his
528 1493 944 1564 consulibus
966 1496 1042 1563 in
1072 1494 1328 1592 Algido
1353 1508 1686 1563 auctores
1715 1491 1887 1577 sint,
1910 1511 2215 1587 eamque
2234 1512 2519 1559 causam

387 1603 754 1674 dictatoris
804 1604 1098 1674 creandi
1148 1603 1389 1674 fuisse.
1447 1602 1635 1672 Illud
1683 1601 1850 1671 satis
1899 1614 2214 1689 constat,
2249 1599 2340 1668 ad
2389 1599 2523 1668 alia

388 1713 753 1783 discordes
779 1715 856 1782 in
884 1738 1036 1783 uno
1066 1713 1415 1785 adversus
1436 1727 1725 1810 patrum
1752 1711 2196 1781 voluntatem
2227 1727 2524 1780 consen·
2571 1724 2576 1727 ’

390 1824 559 1893 sisse
586 1877 605 1910 ‚
644 1845 739 1892 ne
777 1822 1100 1894 dicerent
1130 1824 1589 1909 dictatorerm
1622 1823 1855 1893 donec
1880 1877 1899 1910 ‚
1939 1845 2169 1918 quum
2202 1819 2335 1890 alia
2368 1819 2520 1889 aliis

386 1931 815 2003 terribiliora
834 1932 1281 2025 afferrentur,
1297 1937 1529 2008 necin
1549 1935 2017 2005 auctoritate‘*
2034 1946 2323 2004 senatus
2354 1956 2519 2001 con-

389 2042 578 2113 silles
606 2057 847 2114 essent
870 2101 888 2133 ‚
930 2047 1020 2135 Q.
1049 2047 1386 2118 Servilius
1426 2047 1709 2117 Priscus
1731 2101 1749 2135 ,
1789 2046 2083 2116 summis
2119 2041 2524 2113 honoribus

389 2155 679 2251 egregie*
700 2178 869 2224 usus
887 2210 906 2243 ‚
938 2160 1087 2227 Vos
1105 2211 1126 2243 ,
1155 2158 1425 2254 inquit,
1460 2155 2020 2254 tribuniplebis,
2043 2159 2390 2249 quoniam
2418 2150 2534 2221 ad

386 2279 711 2366 extrema
772 2283 1066 2337 ventum
1123 2283 1258 2353 est,
1304 2282 1594 2338 senatus
1650 2265 1975 2363 appellat
1995 2318 2017 2350 ‚
2067 2279 2148 2333 ut
2199 2266 2273 2332 in
2321 2259 2523 2332 tanto
2588 2249 2598 2266 ⁸

388 2371 793 2447 discrimine
835 2376 1253 2475 rezpublicae
1283 2367 1711 2449 dictatorem
1762 2376 1997 2447 dicere
2038 2371 2357 2446 consules
2376 2382 2528 2468 pro

373 2497 733 2577 potestate
758 2502 999 2557 vestra
1028 2493 1323 2584 cogatis.
1354 2490 1521 2579 Qua
1546 2512 1724 2558 voce
1759 2485 1998 2557 audita
2021 2540 2040 2572 ‚
2073 2482 2523 2554 occasionem

390 2588 705 2661 oblatam
734 2598 870 2664 rati
892 2596 1167 2667 tribuni
1187 2598 1531 2694 augendae
1550 2599 1925 2696 potestatis
1952 2593 2299 2666 secedunt
2317 2646 2338 2679 ‚
2356 2615 2520 2687 pro-

389 2709 541 2876 gne
601 2700 905 2799 collegio
954 2707 1470 2800 pronuntiant,
1509 2707 1814 2804 placere
1864 2704 2189 2775 consules
2246 2704 2529 2784 senatui

443 2814 583 2902 icto
623 2807 999 2883 audientes
1032 2838 1181 2884 esse
1215 2842 1235 2882 .·
1276 2822 1342 2885 si
1373 2815 1717 2887 adversas
1762 2838 2179 2896 consensum
2229 2810 2526 2908 amplis-

387 2924 559 2990 simi
588 2921 865 2993 ordinis
900 2922 1092 2993 ultra
1117 2923 1457 3020 tendant,
1490 2921 2005 2994 invincula'se
2031 2922 2202 2989 duci
2229 2943 2352 2988 eos
2364 2921 2523 3017 jus-

388 3055 619 3101 suros.
673 3033 1029 3104 Consules
1072 3031 1164 3103 ab
1218 3029 1573 3126 tribunis,
1626 3031 1844 3126 quain
1879 3029 1969 3099 ab
2016 3037 2311 3114 senatu,
2338 3025 2530 3095 vinci

390 3140 800 3212 maluerunt
831 3169 849 3229 ;
886 3143 1257 3240 proditum
1303 3166 1347 3210 a
1364 3139 1711 3247 patribus
1753 3140 2016 3209 summi
2059 3137 2340 3234 imperii
2367 3136 2491 3230 jus
2508 3190 2535 3224 2

395 3241 784 3348 datumque
815 3252 948 3323 sub
979 3254 1232 3351 jugum
1265 3250 1654 3323 tribunitiae
1683 3250 2022 3348 potestati
2068 3247 2540 3348 consulatum*

400 3425 497 3500 34⁹.
515 3425 566 3474 n'.
599 3443 646 3488 9.
675 3425 817 3477 Conf.
842 3431 971 3495 inpr.
994 3427 1071 3490 X,
1101 3419 1191 3491 ‘383
1219 3429 1403 3479 Duker.
1500 3421 1700 3479 locato:
1728 3421 1845 3477 inde
1875 3428 1938 3476 ad
1965 3429 2181 3476 animum
2213 3423 2502 3475 translatum·
2516 3460 2538 3498 ,-

394 3503 458 3552 ad
473 3505 603 3554 Flor.
623 3505 672 3565 1,
697 3509 786 3564 16,
813 3524 862 3578 72
884 3520 931 3555 et
949 3495 1100 3557 Periz.
1124 3512 1269 3571 anim.
1287 3507 1407 3557 hist.
1501 3500 1700 3573 inprIm.
1726 3509 1788 3555 ad
1813 3499 2052 3568 invidiar'n
2079 3509 2128 3555 et
2152 3505 2506 3567 malignitatem
2517 3507 2538 3561 ς’

395 3599 437 3632 ⁰·
461 3600 549 3643 10,
574 3573 1111 3650 p-418'.-¹Ucrimque‚
1139 3605 1201 3635 ex
1217 3585 1413 3635 Volscis
1506 3590 1661 3636 Gron.
1687 3587 1777 3650 qui
1802 3586 1953 3633 multa
1982 3583 2127 3632 d'octe
2155 3579 2388 3650 ffisputat.

394 3675 443 3711 et
468 3661 652 3727 AEquis.
667 3663 1078 3724 —Reb'ellarent,
1104 3665 1217 3713 vide
1245 3666 1306 3714 ad
1332 3663 1408 3726 11,
1578 3673 1626 3720 4.
1655 3667 1716 3711 In
1744 3663 2038 3711 auctoritate
2053 3667 2249 3710 senatus
2266 3657 2390 3717 esse,
2422 3660 2538 3706 vide·

402 3749 463 3796 42
482 3776 496 3800 ,
524 3759 575 3791 n.
606 3759 653 3790 2.
964 3795 971 3804 x
1507 3744 1570 3791 ad
1591 3737 1665 3803 Π,
1695 3741 1788 3800 56,
1814 3759 1865 3790 n.
1897 3737 2057 3787 16.-2-
2072 3729 2307 3801 Moxpro
2326 3729 2531 3804 collegio

466 3819 513 3868 3.
538 3813 761 3868 Pr'avitas
779 3820 1027 3867 consu'lum
1045 3818 1409 3885 discordiaque,
1503 3820 1851 3885 pronuntiant,
1880 3835 1943 3864 ex
1961 3819 2248 3865 auctorftate
2267 3827 2316 3866 et
2336 3815 2535 3865 nomine

394 3909 450 3947 ut
466 3887 599 3963 apud
620 3897 774 3947 Tacit.
796 3900 976 3947 Annal.
993 3897 1072 3946 111·
1080 3933 1094 3956 ,
1116 3899 1181 3954 48
1194 3934 1207 3957 ‚
1232 3899 1279 3946 6.
1295 3899 1415 3947 Pra‘-
1504 3899 1725 3963 collegi‘13
1743 3887 2274 3961 tanquam'sententia‘in
2287 3909 2336 3945 et
2344 3895 2530 3958 jussum

395 3991 501 4025 oum
527 3990 599 4026 est
621 3995 790 4043 propr.
812 3978 985 4026 vitium
1012 3977 1235 4042 corporis
1255 3975 1415 4042 quod‘-
1503 3969 1655 4027 totius
1674 3976 1868 4041 collegii
1890 3976 2160 4037 tribunitii,
2178 3979 2461 4042 congregati
2482 3988 2531 4024 et
2560 4002 2564 4007 ·

396 4057 490 4119 que
512 4058 565 4105 in
583 4051 643 4106 eo
669 4070 740 4106 est
765 4059 1070 4122 perversum,
1090 4059 1214 4105 male
1239 4057 1415 4106 distor-
1504 4057 1759 4123 praesentis
1779 4072 1792 4106 ε
1815 4073 1861 4106 v.
1886 4057 1949 4105 ad
1971 4049 2047 4116 1³1,
2075 4073 2122 4118 7,
2136 4055 2422 4118 n.,4.—Si‘c
2433 4071 2529 4119 pro

394 4146 528 4193 tum,
554 4137 808 4185 adversum
837 4150 971 4186 recto
987 4174 1001 4198 ,
1038 4137 1164 4186 bene
1204 4133 1322 4201 apto
1362 4153 1417 4185 ac
1507 4137 1696 4202 collegii
1712 4129 1975 4198 sententia,
1996 4136 2084 4185 inf.
2107 4152 2215 4200 cap.
2240 4129 2323 4192 44.
2343 4133 2433 4182 En.
