3000 4717
485 374 626 448 350
679 469 684 474 ⁶
761 351 766 358 ’
1316 382 1391 448 T.
1456 380 1731 448 lell
2288 363 2341 461 3:
2367 364 2416 463 ἓξ
2444 365 2540 478 {332

484 499 773 572 dinariae
800 499 1135 572 cohortes
1152 499 1306 596 pari
1341 522 1733 596 corporum
1750 498 2301 595 animorumque
2323 501 2592 574 robore

481 636 557 684 se
594 609 1049 706 objecissent.

574 726 763 793 VIII.
808 727 1011 792 Tunc
1050 721 1237 791 inter
1266 720 1617 816 primores
1650 716 1961 788 duorum
1996 717 2435 816 populorum
2472 747 2591 795 res

476 834 755 932 geritur
781 858 798 901 ε
824 829 1182 927 quidquid
1211 829 1378 899 hinc
1401 842 1524 899 aut
1549 827 1747 897 illinc
1775 829 2179 900 communis
2203 834 2393 901 Mars
2416 829 2591 902 belli

477 941 732 1026 aufert,
742 940 1142 1038 multiplex,
1154 964 1376 1037 quam
1388 963 1523 1038 pro
1539 962 1871 1026 numero,
1885 936 2227 1009 damnum
2243 955 2352 1011 est
2365 950 2387 982 ¹
2411 968 2425 1011 ε
2443 942 2589 1012 vul-

471 1077 603 1151 gus
616 1053 808 1124 aliud
824 1066 1285 1136 armatorum,
1299 1049 1495 1121 velut
1513 1049 1833 1146 delegata
1852 1048 2290 1145 primoribus
2321 1074 2590 1146 pugna,

473 1177 812 1235 eventum
839 1185 1052 1234 suum
1073 1163 1150 1232 in
1173 1161 1442 1231 virtute
1460 1158 1687 1230 aliena
1715 1158 1961 1254 ponit:
1989 1158 2195 1230 multi
2220 1160 2587 1256 utrimque

473 1272 773 1359 cadunt,
795 1273 1041 1371 plures
1059 1271 1355 1342 vulnera
1376 1269 1751 1365 accipiunt.
1772 1267 2091 1341 Tandem
2112 1271 2389 1367 equites
2409 1271 2589 1341 alius

473 1381 694 1453 alium
727 1383 1183 1479 increpantes
1201 1388 1230 1469 ,’
1258 1377 1446 1476 quid
1477 1376 1740 1448 deinde
1775 1391 2103 1465 restaret,
2160 1378 2584 1474 quaerendo,

470 1499 538 1563 si
579 1518 815 1590 neque
860 1518 957 1563 ex
989 1497 1189 1589 equis
1214 1489 1658 1590 pepulissent
1695 1488 1997 1575 hostem,
2040 1513 2274 1585 neque
2304 1488 2586 1586 pedites

470 1602 873 1699 quidquam
919 1607 1267 1672 momenti
1271 1600 1649 1693 facerent²
1673 1601 1711 1668 Ρ
1752 1623 1971 1696 quam
2006 1604 2287 1670 tertiam
2326 1624 2585 1695 exspe-

466 1728 736 1782 ctarent
744 1712 1117 1808 pugnam?
1140 1708 1324 1807 quid
1352 1724 1520 1779 ante
1543 1715 1748 1806 signa
1757 1710 2046 1798 feroces
2058 1708 2580 1808 prosiluissent,

472 1837 539 1909 et
563 1820 803 1892 alieno
830 1837 1244 1920 pugnarent
1271 1819 1432 1893 loco
1452 1822 1489 1889 P
1517 1821 1643 1890 His
1671 1822 1861 1891 inter
1891 1844 1965 1891 se
2002 1819 2305 1891 vocibus
2338 1822 2585 1892 conci-

469 1934 633 2020 tati,
672 1932 982 2005 clamore
1018 1944 1366 2004 renovato
1388 1985 1408 2019 ,
1447 1928 1769 2001 inferunt
1805 1930 2064 2026 pedem
2105 1958 2121 1999 :
2160 1945 2232 2001 et
2271 1931 2585 2028 primum

466 2042 698 2141 gradu
711 2057 1099 2116 moverunt
1117 2043 1401 2114 hostem
1414 2095 1433 2130 ,
1451 2040 1711 2113 deinde
1728 2041 2197 2138 pepulerunt3
2219 2056 2583 2138 postremo

463 2154 614 2248 jam
654 2153 850 2226 haud
897 2153 1120 2228 dubie
1171 2165 1503 2224 avertunt
1551 2177 1566 2219 z
1625 2176 1901 2247 neque,
1950 2167 2096 2222 tam
2144 2152 2330 2224 vires
2377 2176 2585 2249 pares

464 2291 628 2363 quae
668 2266 1112 2366 superaverit
1148 2290 1297 2352 reS,
1339 2261 1544 2334 facile
1587 2261 1783 2333 dictu
1822 2278 1965 2353 est,
2009 2265 2147 2335 nisi
2188 2263 2382 2360 quod
2415 2288 2585 2362 per-

464 2391 685 2472 petua
725 2374 1016 2447 fortuna
1052 2375 1427 2468 utriusque
1451 2372 1704 2468 populi
1734 2386 1807 2443 et
1839 2372 2183 2445 extollere
2206 2374 2480 2443 animos
2510 2386 2583 2443 et

462 2485 791 2555 minuere
842 2484 1100 2582 potuit.
1142 2487 1388 2578 Usque
1426 2479 1517 2551 ad
1565 2495 1790 2552 castra
1837 2479 2191 2578 fugientes
2235 2482 2581 2568 Hernicos

460 2599 826 2665 Romanus
876 2594 1203 2689 sequitur
1243 2621 1258 2662 ε
1308 2607 1706 2663 castrorum
1767 2594 2347 2691 oppugnatione,
2411 2593 2582 2689 quia

459 2727 701 2774 serum
736 2716 886 2775 erat
921 2698 1135 2789 diei³‚
1181 2701 1614 2775 abstinuere.
1653 2704 1797 2774 Diu
1832 2726 1985 2774 non
2024 2701 2432 2800 perlitatum
2475 2717 2579 2773 te·

460 2873 684 2921 sustineri
702 2871 845 2938 (vide
866 2872 929 2921 ad
950 2876 1024 2933 II,
1048 2881 1140 2932 44,
1156 2889 1208 2921 ιι.
1231 2871 1319 2937 6),
1336 2884 1477 2938 pote·
1569 2873 1812 2922 strothius
1836 2875 2055 2932 monuit,
2090 2875 2452 2932 πολλαπλήσιος
2484 2895 2581 2943 pro

459 2965 602 3011 rant,
640 2954 939 3018 potuissent,
980 2952 1036 3000 ni
1060 2952 1481 3000 ‘extraordinarie
1564 2953 1742 3005 πλείων
1757 2952 1888 3017 apud
1900 2953 2206 3012 Hemdot.V,
2227 2955 2294 3012 45
2304 2972 2320 3014 3
2340 2957 2463 3012 VII,
2485 2957 2579 3014 483

457 3032 675 3080 cohortes
689 3068 705 3090 ,
741 3031 1180 3096 quadringenariae,
1212 3043 1305 3079 ete.
1332 3031 1476 3079 Conf.
1565 3033 1715 3090 VIII,
1749 3032 1862 3087 143.
1886 3032 1962 3080 Cf.
1986 3048 2131 3096 supra
2154 3033 2215 3080 ad
2238 3034 2287 3092 1,
2314 3033 2399 3091 25,
2426 3050 2475 3081 ιι.
2498 3050 2579 3093 ιι,

457 3110 523 3157 ad
548 3113 626 3169 11,
657 3111 749 3169 50,
766 3127 816 3157 ιι.
834 3125 914 3158 ιο.
1563 3120 1614 3157 et
1636 3112 1815 3169 xxn,
1841 3127 1889 3169 7,
1914 3127 1964 3159 ιι.
1986 3127 2113 3172 7.-
2130 3112 2306 3177 Vulgus
2325 3112 2487 3170 aliud,
2509 3130 2580 3161 re·

530 3189 651 3236 Car.
670 3189 814 3236 VIII.
847 3205 887 3235 1.
933 3186 1185 3251 Quidquid
1217 3185 1472 3234 hominum
1558 3189 1771 3252 liquum3
1794 3190 1909 3238 vide
1926 3190 1990 3238 ad
2008 3192 2098 3249 IV,
2124 3206 2211 3249 10,
2235 3208 2285 3239 n.
2304 3208 2348 3239 1.

459 3266 571 3313 hine
605 3278 696 3314 aut
728 3267 861 3315 illinc
896 3266 1157 3315 eommunis
1191 3267 1327 3313 Mars
1362 3264 1475 3313 belli
1629 3285 1679 3316 α.
1696 3269 1868 3333 Neque
1871 3269 2061 3334 pedites
2073 3270 2341 3334 quidquam
2353 3271 2582 3318 memmei

456 3347 609 3413 (vide
642 3346 786 3404 adv,
814 3362 899 3404 ια,
932 3363 983 3393 ιι.
1009 3344 1066 3409 ι)
1091 3342 1274 3408 aufirt,
1313 3343 1472 3391 multi·
1545 3346 1797 3416 facerent,
1820 3349 2073 3409 videadI,
2099 3358 2184 3410 47,
2196 3366 2247 3398 ιι.
2266 3366 2312 3411 7.
2323 3349 2577 3397 —Gradu

446 3426 593 3489 plex,
611 3440 760 3489 quam
772 3440 865 3487 pro
888 3439 1083 3470 numero
1107 3421 1247 3486 (vide
1267 3420 1330 3467 ad
1347 3423 1472 3477 VII,
1526 3483 1529 3488 Ι
1561 3439 1809 3475 moverunt
1831 3426 2042 3485 hostem,
2070 3429 2183 3480 vide
2212 3429 2276 3476 ad
2303 3431 2379 3487 11,
2409 3444 2497 3486 ιο,
2523 3444 2574 3476 ιι.

458 3504 547 3561 33,
564 3520 615 3551 ιι.
637 3502 723 3568 a),
738 3502 967 3548 damnum
986 3513 1079 3557 est,
1101 3500 1213 3564 quia
1231 3500 1474 3563 utrimque
1563 3520 1611 3576 7.
1634 3532 1704 3542 ·-
1732 3509 1972 3570 Perpetua
1982 3507 2195 3572 fhreuna
2221 3508 2466 3573 utriusque
2480 3523 2577 3572 po-

451 3585 689 3647 primores
714 3582 983 3642 juventutis
1009 3580 1293 3646 pugnabant
1316 3580 1470 3628 caede-
1549 3586 1689 3648 puli,
1712 3586 1849 3648 quod
1867 3585 2108 3635 Romani
2094 3602 2149 3636 ιιι
2165 3588 2393 3637 omnibus
2408 3587 2574 3645 bellis,

450 3663 748 3725 hanturque3
787 3672 843 3708 ut
873 3662 1027 3718 xxl,
1065 3660 1159 3721 59,
1194 3659 1285 3706 sed
1310 3659 1472 3722 major
1557 3664 1620 3711 ad
1659 3663 1756 3714 hoe
1794 3676 1985 3730 tempus
2023 3668 2195 3731 gestia,
2231 3668 2484 3724 vicerunt,
2526 3675 2575 3712 et

451 3742 704 3799 Romanis,
733 3757 882 3804 quam
894 3756 992 3804 pro
1014 3754 1212 3787 numero
1227 3774 1244 3796 ,
1262 3739 1468 3804 jactura
1555 3744 1759 3791 Hernici
1782 3761 1970 3810 semper
1997 3746 2118 3794 victi
2143 3758 2272 3796 sunt.

433 3820 570 3882 ficit,
600 3821 720 3884 quia
742 3819 969 3883 equestris
995 3818 1179 3867 ordinis
1197 3817 1435 3881 aliquot..
1451 3854 1463 3866 .
1628 3823 1676 3869 3.
1697 3825 1863 3870 Serum
1889 3835 2000 3871 erat
2021 3824 2148 3882 diei,
2175 3826 2277 3886 jam
2298 3840 2402 3874 nox
2424 3838 2574 3888 appe·

342 3899 349 3906 '
448 3909 561 3944 sune
577 3899 827 3964 interfecti.
853 3899 1111 3963 Multipleae
1128 3898 1179 3945 h.
1201 3899 1237 3945 l.
1257 3914 1351 3962 pro
1371 3914 1469 3946 ma·
1553 3900 1703 3947 tebet.
1730 3928 1802 3937 —
1827 3903 1925 3950 Diu
1959 3918 2056 3950 non
2084 3904 2399 3966 perlitatum,
2434 3900 2569 3965 quod

448 3977 522 4038 gis
540 3966 823 4041 multiplci,
845 3978 1188 4042 multiplicius,
1203 3979 1282 4025 vel
1300 3978 1469 4042 potius
1557 3979 1643 4027 din
1668 3996 1769 4028 non
1795 3981 1987 4029 litatum
2008 3982 2181 4031 fuerat.
2215 3982 2398 4034 Confer
2423 3980 2486 4028 ad
2513 3983 2538 4028 1
2555 4015 2572 4040 ,

448 4069 540 4115 pro
564 4055 746 4118 majus,
764 4056 877 4118 plus
885 4091 901 4113 ‚
930 4068 987 4104 nt
1012 4057 1327 4120 eomparatlvi
1352 4058 1465 4105 loeo
1557 4059 1652 4117 53,
1678 4076 1728 4107 n.
1751 4076 1769 4105 1
1786 4094 1802 4118 ,
1828 4071 1876 4107 et
1896 4061 1961 4116 V,
1986 4061 2079 4118 38,
2101 4077 2152 4108 ιι.
2170 4063 2566 4115 1.—Teauerae,

445 4132 660 4194 positum
699 4133 762 4178 eit
775 4165 789 4189 ,
839 4135 1247 4195 quemadmodum
1262 4168 1277 4192 ‚
1322 4136 1457 4197 quod
1551 4139 1839 4197 retinuerat,
1861 4139 2165 4203 impedierat.
