3000 4717
520 328 765 434 ὒζὲῐῐέἰῖ
813 346 1006 418 LIB.
1041 345 1254 412 v111.
1311 345 1522 413 CAP.
1575 344 1889 412 xxxv.
1944 346 2302 414 xxxvl.
2453 342 2585 442 507

469 470 701 543 edicta
734 466 1239 539 exhorruisset.
1284 471 1386 536 Ea
1430 489 1729 561 quoque
1770 465 1877 534 ira
1919 464 2254 536 alienavit
2295 490 2337 535 a
2379 463 2593 539 dicta-

467 596 626 652 tore
661 579 968 650 militum
1004 576 1315 664 animos,
1349 577 1497 671 jam
1533 590 1703 646 ante
1733 572 2085 664 infenSOS,
2116 576 2318 672 quod
2350 578 2595 675 impla-

468 692 712 765 cabilis
759 694 845 780 Q.
889 689 1107 761 Fabio
1149 688 1442 780 fuisset;
1485 707 1594 780 et,
1638 691 1838 789 quod
1888 693 2032 762 suis
2082 693 2421 791 precibus
2463 723 2598 769 ne-

466 818 736 901 gasset,
783 801 940 896 ejus
976 802 1252 899 populo
1287 827 1591 874 romano
1623 804 1906 873 veniam
1937 813 1997 844 ¹²
2043 803 2373 877 dedisset.

563 917 884 984 XXXVI.
935 917 1327 1009 Postquam
1375 914 1715 997 dictator,
1769 914 2160 1011 praeposito
2211 916 2343 984 ὶιι-ι
2393 915 2594 987 Urbe
2662 955 2673 966 κ

461 1029 539 1096 L.
578 1024 863 1120 Papirio
899 1027 1154 1095 Crasso
1189 1026 1527 1123 magistro
1565 1013 1938 1122 equitum,
1982 1026 2071 1115 Q.
2110 1022 2334 1096 Fabio
2368 1027 2594 1096 vetito

462 1134 864 1232 quidquam
903 1158 1039 1231 pro
1074 1138 1487 1233 magistratu
1526 1161 1774 1234 agere,
1812 1136 1886 1205 in
1920 1150 2149 1206 castra
2184 1135 2435 1224 rediit3
2461 1162 2590 1208 ne-

464 1269 610 1341 que
652 1244 928 1315 civibus
970 1248 1135 1317 satis
1178 1247 1380 1318 laetus
1417 1247 1771 1318 adventus
1808 1247 1963 1341 ejus
1999 1243 2168 1333 fuit,
2203 1271 2340 1317 nec
2379 1245 2597 1316 hosti-

462 1354 603 1426 bus
639 1356 1037 1454 quidquam
1074 1359 1313 1429 attulit
1357 1360 1678 1431 terroris.
1723 1363 2058 1455 Namque
2098 1372 2395 1454 postero
2436 1356 2592 1443 die,

464 1491 591 1537 seu
630 1469 858 1564 ignari
894 1470 1172 1541 venisse
1208 1471 1630 1540 dictatorem
1654 1526 1672 1558 ,
1717 1493 1845 1540 seu
1864 1524 1883 1557 ,
1927 1469 2204 1540 adesset
2246 1492 2339 1538 an
2385 1466 2594 1538 abes-

461 1593 608 1666 set,
647 1582 849 1676 parvi
885 1578 1262 1669 facientes,
1299 1583 1648 1653 instructa
1686 1583 1835 1652 acie
1873 1579 1966 1651 ad
2003 1594 2230 1652 castra
2275 1601 2594 1649 accesse-

458 1703 655 1759 runt.
684 1693 1038 1762 Caeterum
1063 1707 1346 1763 tantum
1372 1695 1728 1763 momenti
1753 1694 1829 1763 in
1858 1717 2012 1762 uno
2031 1692 2187 1760 viro
2206 1694 2286 1760 L.
2310 1688 2591 1787 Papirio

458 1791 631 1884 fuit,
664 1813 775 1887 ut,
814 1801 872 1871 si
905 1800 1109 1873 ducis
1143 1804 1440 1874 consilia
1471 1801 1676 1874 favor
1711 1802 2252 1899 subsequutus²
2282 1800 2593 1869 militum

455 1902 679 1995 foret,
724 1910 1068 1984 debellari
1106 1939 1195 1985 eo
1230 1914 1345 1986 die
1377 1940 1544 1986 cum
1582 1911 2022 1985 Samnitibus
2056 1910 2415 2009 potuisse,
2453 1931 2591 2004 pro

456 2015 651 2088 haud
688 2021 913 2093 dubio
954 2023 1282 2096 habitum
1323 2028 1449 2096 sit:
1491 2028 1591 2096 ita
1621 2025 1962 2095 instruxit
1999 2024 2224 2093 aciem
2263 2021 2426 2090 loco
2449 2014 2477 2059 ³
2509 2040 2590 2087 ac

458 2127 831 2221 subsidiis,
874 2135 971 2204 ita
1015 2137 1215 2206 omni
1265 2151 1416 2210 arte
1464 2135 1725 2207 bellica
1767 2134 2102 2207 firmavit.
2142 2136 2515 2203 Cessatum
2550 2151 2594 2196 a

456 2239 722 2329 milite,
762 2266 844 2314 ac
880 2243 971 2315 de
1006 2246 1388 2333 industria,
1422 2261 1506 2317 ut
1535 2245 2064 2317 obtrectaretur
2098 2238 2436 2312 laudibus
2467 2237 2592 2307 du-

456 2350 589 2434 cis,
621 2353 965 2448 impedita
996 2357 1296 2428 victoria
1323 2374 1451 2430 est.
1484 2359 1738 2430 Plures
1767 2357 2193 2430 Samnitium
2220 2350 2585 2423 cecidere:

454 2456 697 2553 plures
720 2466 1029 2532 Romani
1056 2467 1412 2537 vulnerati
1437 2484 1627 2538 sunt.
1658 2470 1892 2537 Sensit
1919 2468 2195 2563 peritus
2218 2463 2400 2551 dux,
2431 2482 2592 2558 quae

453 2589 568 2636 res
601 2567 916 2665 victoriae
954 2571 1319 2643 obstaret:
1369 2576 1929 2672 temperandum
1969 2575 2342 2671 ingenium
2378 2595 2587 2642 suum

455 2700 641 2767 esse,
678 2693 749 2748 et
775 2681 1222 2751 severitatem
1252 2684 1696 2752 miscendam
1725 2683 2046 2751 comitati
2064 2684 2118 2747 4.
2151 2686 2442 2775 Itaque,
2472 2678 2586 2758 ad-

1561 2885 1852 2950 magistratu
1866 2899 2035 2948 agere,
2059 2883 2231 2931 confer
2242 2882 2304 2929 ad
2316 2885 2365 2931 ΙΙ
2378 2917 2393 2941 ,
2410 2898 2435 2942 7
2445 2917 2458 2940 ,
2472 2899 2523 2930 n.
2538 2893 2586 2940 4.

1634 2980 1683 3010 a.
1715 2962 1928 3011 Consilia
1939 2962 2096 3027 favor
2110 2961 2425 3026 subsequutus
2437 2998 2455 3019 ,
2474 2962 2592 3009 vide

528 2900 606 2933 12.
628 2885 750 2950 Ejus
766 2886 951 2951 populo
969 2902 1089 2933 rom.
1115 2886 1340 2942 veniam,
1369 2901 1472 2950 gra-

453 2961 595 3020 tiam,
613 2964 842 3022 dedisset,
860 2965 913 3012 id
931 2966 1119 3030 populo
1134 2981 1257 3013 rom.
1272 2965 1472 3027 ejusque

449 3041 679 3111 precibus
716 3044 1050 3092 concessisset.
1092 3045 1276 3093 Confer
1313 3042 1377 3091 ad
1396 3046 1471 3102 H,

453 3119 520 3166 35
532 3153 547 3177 ‚
574 3137 623 3168 ιι.
647 3121 693 3168 5.

521 3198 637 3247 Cn.
661 3200 906 3247 XXXVI.
924 3215 968 3248 1.
992 3201 1261 3265 Proeposito
1282 3201 1330 3248 in
1347 3203 1472 3249 Urbe

450 3276 679 3341 magistro
707 3277 854 3341 equit.
877 3279 1041 3343 prius,
1067 3296 1213 3342 quam
1238 3280 1292 3327 in
1317 3291 1471 3329 castra

450 3355 655 3414 rediret,
664 3356 854 3420 posito,
875 3357 972 3405 hoc
994 3368 1093 3417 est,
1114 3359 1275 3417 dicto,
1290 3371 1470 3419 creatu,

438 3438 751 3497 subornato,
786 3441 1087 3499 constituto,
1117 3453 1174 3489 ut
1199 3439 1381 3491 τιθέναι
1421 3454 1472 3491 et

446 3508 735 3567 διατιθέναι.
762 3519 822 3566 Id
842 3522 1010 3584 potius
1028 3535 1160 3570 anno
1188 3522 1471 3584 insequenti

444 3594 629 3642 factum
641 3629 655 3651 ,
675 3608 1083 3660 prorogatamque
1105 3597 1158 3643 in
1182 3613 1290 3645 eum
1309 3599 1365 3645 L.
1384 3601 1469 3646 Pa-

443 3675 576 3738 pirio
617 3674 930 3730 dictaturam,
987 3676 1134 3726 nullis
1182 3677 1467 3724 consulibus

446 3754 646 3813 creatis,
685 3755 939 3802 contendit
960 3755 1096 3819 Pigh.
1121 3756 1172 3803 in
1195 3755 1373 3804 Annal.
1400 3756 1464 3804 ad

1561 3042 1626 3090 ad
1642 3044 1790 3101 VIII,
1816 3043 1879 3090 35
1898 3076 1912 3099 ,
1940 3058 1989 3088 ιι.
2015 3048 2064 3097 4.

1634 3123 1683 3170 3.
1714 3125 1795 3169 Ita
1827 3119 2064 3168 instruxit
2077 3119 2232 3167 aciem
2248 3120 2381 3178 loco,
2406 3119 2593 3168 scilicet

1562 3212 1874 3266 opportuno,
1901 3216 1963 3247 ac
1997 3199 2244 3256 subsidiis,
2280 3199 2392 3248 vide
2418 3199 2482 3248 ad
2508 3203 2555 3247 11
2574 3234 2588 3258 ,

1562 3296 1654 3339 ao,
1675 3298 1725 3329 ιι.
1750 3297 1799 3327 2.
1819 3280 1989 3328 Malim
2012 3293 2026 3328 :
2051 3279 2124 3326 ita
2140 3278 2362 3326 subsidiis
2385 3289 2434 3326 et
2454 3278 2591 3325 omni

1560 3372 1692 3418 arte,
1716 3373 1811 3408 etc.

1633 3448 1680 3496 4.
1699 3438 2004 3486 Severitatem
2021 3425 2319 3484 miscendam,
2334 3434 2579 3490 comitati,

1559 3520 1725 3568 forsan
1746 3518 1997 3573 comitate,
2024 3516 2244 3589 quamvis
2264 3515 2381 3562 ferri
2392 3523 2561 3582 potest
2573 3547 2588 3572 ,

1557 3599 1599 3647 si
1638 3597 1881 3663 intelligas
1916 3607 2014 3643 tam
2041 3595 2096 3643 id
2130 3594 2324 3644 misceri
2350 3592 2484 3657 quod
2514 3591 2585 3640 af-

1555 3678 1794 3735 funditur,
1809 3692 1952 3741 quam
1968 3676 2019 3722 id
2034 3675 2112 3723 cui
2123 3674 2410 3731 affunditur;
2423 3675 2582 3721 Gron.

1555 3779 1581 3798 α
1597 3758 1696 3820 Qui
1726 3756 2023 3805 severitatem
2056 3754 2278 3803 comitati
2301 3752 2494 3809 miscet,
2537 3753 2581 3797 is

443 3848 555 3880 aml-
580 3841 699 3895 4²9·
735 3835 802 3883 At
824 3834 937 3882 vide
959 3851 1103 3899 supra
1121 3835 1184 3882 ad
1203 3837 1302 3895 VI,
1330 3853 1349 3881 1
1366 3871 1381 3895 ,
1411 3852 1462 3882 ιι.
1546 3838 1645 3896 jam
1664 3847 1776 3884 ante
1794 3836 1948 3883 comis
1966 3846 2039 3883 est
2055 3870 2068 3894 ,
2091 3834 2177 3882 sed
2200 3844 2366 3891 cavet,
2386 3848 2451 3880 ue
2467 3830 2581 3898 plus

448 3913 495 3959 3.
514 3938 583 3948 —-
613 3914 669 3975 Q.
701 3915 856 3961 Fabio
879 3914 1032 3962 vetito
1062 3931 1233 3980 agere,
1277 3925 1333 3962 ut
1352 3931 1462 3979 pas—

444 3991 537 4038 sim
549 4003 715 4040 :vetor
725 4009 872 4059 agere
882 3993 974 4042 Ιιοο
980 4029 997 4052 ,
1011 4005 1105 4043 etc.
1118 3995 1249 4042 conf.
1258 3996 1435 4044 XXIH
1446 4031 1461 4055 ,

451 4072 543 4129 163
567 4074 813 4132 XXXIV,
834 4090 865 4135 9
886 4075 948 4122 al.
968 4102 1037 4112 -—-
1068 4075 1345 4139 Quidquam
1363 4091 1459 4139 pro

1551 3917 1643 3974 sit,
1681 3932 1827 3979 quam
1864 3916 1981 3964 satis
2018 3927 2113 3972 est;
2159 3913 2295 3979 quod
2320 3912 2374 3960 in
2395 3910 2579 3976 Papirii

1550 3995 1803 4059 ingenium
1823 4011 1924 4042 non
1948 3994 2183 4043 convenit
2197 4028 2213 4053 ‚
2233 3994 2319 4058 qui
2339 3991 2463 4040 nihil
2488 3989 2580 4038 mi·

1550 4091 1642 4122 nus
1672 4092 1816 4138 quam
1857 4069 2040 4135 comis,
2079 4090 2137 4123 ac
2173 4072 2342 4137 potius
2382 4083 2576 4120 severus
