3000 4717
547 376 686 463 468
919 415 923 420 -
1381 375 1457 440 Τ.
1525 374 1802 440 mvn
2230 348 2355 449 ῢῑὲῑ
2380 350 2607 459 Ξίῖῐίἰζῑ

546 498 952 571 dimicaturi
991 497 1201 567 enixe
1246 492 1712 581 videbantur,
1760 505 1830 563 et
1873 491 2259 580 Samnium·
2279 489 2470 570 fama
2509 508 2662 564 erat

545 609 812 681 conciri
849 605 940 679 ad
972 604 1246 677 bellum
1282 631 1297 672 ε
1337 602 1644 675 dictator
1688 600 1779 672 ab
1821 599 2242 672 consulibus
2277 626 2367 672 ex
2410 618 2660 674 aucto-

544 717 754 789 ritate
798 729 1087 788 senatus
1130 714 1365 786 dictus
1409 718 1481 784 P.
1521 712 1898 784 anelius
1934 709 2275 800 Rufinus3
2325 714 2660 811 magister

544 828 873 926 equitum
909 828 1003 896 M.
1049 825 1419 896 Antonius.
1478 823 1755 921 Reli-gio
1807 821 2070 893 deinde
2118 823 2441 913 incessit,
2486 826 2660 896 vitio

542 962 667 1009 eos
690 950 966 1009 creatos
987 945 1048 1021 ¹3
1070 936 1640 1032 magistratuque
1670 958 1745 1005 se
1775 931 2326 1004 abdicaverunt:
2352 948 2456 1022 et,
2488 935 2658 1032 quia

541 1048 949 1146 pestilentia
972 1046 1363 1142 insequuta
1385 1059 1496 1116 est
1515 1100 1533 1135 ‚
1562 1043 1761 1120 velut
1785 1041 2126 1114 omnibus
2159 1068 2248 1115 eo
2288 1044 2460 1122 vitio
2488 1068 2660 1116 con-

543 1160 748 1231 tactis
785 1156 1116 1255 auspiciis
1137 1209 1157 1241 ,
1201 1179 1319 1227 res
1358 1153 1445 1225 ad
1478 1155 1974 1251 interregnum
2009 1154 2245 1225 rediit.
2288 1153 2659 1236 Abinter-

541 1292 769 1367 regno
798 1268 983 1338 inito
1016 1289 1149 1365 per
1183 1267 1526 1363 quintum
1551 1264 1845 1336 demum
1867 1266 2299 1363 interregem
2329 1270 2429 1335 M.
2460 1267 2658 1338 Vale-·
2738 1291 2741 1294 ·

540 1379 733 1448 rium
763 1382 1084 1449 Corvum
1120 1376 1341 1448 creati
1378 1377 1713 1448 consules
1756 1380 1835 1446 A.
1877 1376 2258 1447 Cornelius
2296 1377 2560 1447 iterum
2589 1393 2659 1449 et
2734 1423 2743 1432 ι

539 1492 666 1560 Cn.
690 1489 1074 1559 Domitius.
1099 1485 1535 1584 Tranquillis
1562 1483 1817 1574 rebus,
1849 1483 2032 1555 fama
2059 1485 2284 1583 gallici
2318 1484 2492 1556 belli
2526 1510 2659 1584 pro
2745 1541 2783 1571 a·

538 1598 861 1670 tumultu
899 1596 1167 1666 valuit‘²
1190 1648 1211 1681 ‚
1251 1611 1333 1667 ut
1378 1595 1803 1668 dictatorem
1850 1592 1991 1664 dici
2028 1592 2366 1690 placeret.
2408 1596 2660 1682 Dictus

540 1712 638 1779 M.
672 1706 997 1805 Papirius
1030 1710 1325 1776 Crassus
1348 1760 1368 1795 ‚
1400 1720 1473 1777 et
1510 1706 1846 1801 magister
1886 1705 2209 1800 equitum
2239 1709 2308 1775 P.
2334 1705 2663 1777 Valefius

542 1817 928 1890 Publicola.
976 1821 1032 1886 A
1066 1816 1337 1913 quibus
1368 1838 1606 1912 quum
1649 1814 1968 1885 delectus
2009 1815 2386 1906 intentiuffi
2442 1841 2687 1913 quam·
2722 1829 2735 1838 “

542 1926 882 2001 adversus
905 1925 1209 1998 finitima
1234 1926 1429 1998 bella
1447 1981 1465 2015 ‚
1494 1924 1923 2014 haberetur3
1954 1926 2444 2022 exploratores
2469 1914 2665 1997 missi
2789 2003 2794 2010 ,

540 2037 992 2127 adtulerunt,
1022 2037 1267 2134 quieta
1302 2038 1548 2108 omnia
1580 2034 1777 2134 apud
1813 2035 2057 2107 Gallos
2081 2061 2256 2107 esse.
2295 2038 2685 2107 Samnium.
2783 2051 2796 2103 ·.·

542 2171 844 2246 quoque
887 2148 1035 2242 jam
1084 2146 1390 2218 alterum
1425 2171 1696 2216 annum
1737 2144 2013 2217 turbari
2047 2148 2253 2216 novis
2299 2144 2660 2236 consiliis-’⁶
2782 2163 2787 2170 ⁴

545 2270 960 2354 suspectum
984 2271 1133 2327 erat
1158 2283 1174 2324 ε
1205 2282 1292 2327 eo
1318 2281 1407 2326 ex
1426 2279 1596 2352 agro
1620 2256 1924 2326 sidicino
1944 2257 2296 2327 exercitus
2317 2278 2664 2329 romanus

544 2392 697 2438 non
732 2380 839 2437 est
868 2364 1249 2438 deductus.
1283 2368 1639 2436 Caeterum
1674 2367 2027 2436 Samnites
2057 2363 2327 2436 bellum
2357 2364 2666 2436 Alexan-

544 2475 655 2547 dri
685 2476 1097 2573 Epirensis⁴
1132 2477 1210 2546 in
1245 2480 1578 2547 Lucanos
1611 2477 1871 2563 traxit;
1909 2478 2038 2573 qui
2071 2475 2218 2547 duo
2251 2476 2508 2573 populi
2536 2474 2665 2546 ad-

545 2589 793 2659 versus
822 2610 1068 2684 regem
1087 2642 1107 2676 ,
1142 2590 1687 2660 exscensionem
1723 2614 1765 2659 a
1807 2594 2035 2660 Paesto
2086 2584 2534 2676 facie‘ri'tem5,
2571 2587 2667 2657 si-

549 2775 666 2831 erit,
703 2776 745 2823 si
772 2774 826 2827 τὸ
857 2787 970 2824 suut
994 2792 1104 2825 cum
1132 2780 1287 2828 Grou.
1324 2775 1568 2837 deleatur3
1655 2776 1880 2825 Diodoro
1926 2787 1975 2824 et
2013 2776 2122 2826 aliis
2163 2775 2431 2824 desiderari
2444 2791 2465 2832 ‚⁴
2494 2786 2666 2856 Ψ

545 2854 631 2901 sed
649 2871 801 2918 quum
819 2855 873 2901 in
890 2857 1119 2904 omnibus
1136 2857 1332 2921 scriptis
1350 2867 1399 2905 et
1423 2856 1569 2904 editis
1655 2856 1793 2919 Pigh.
1814 2856 1869 2903 in
1893 2856 2024 2903 Anu.
2047 2855 2111 2903 ad
2129 2871 2208 2902 an.
2232 2862 2294 2909 42
2308 2870 2357 2913 13
2383 2854 2470 2902 sed
2485 2827 2693 2918 annffi,

546 2934 777 2999 supersit,
801 2934 927 2982 nihil
944 2936 1254 2984 mutavimus.
1274 2937 1368 2984 En.
1658 2934 1974 2996 consulesque
1990 2933 2102 2981 illos
2119 2944 2232 2981 ante
2249 2950 2355 2998 cap.
2376 2949 2439 2995 19
2452 2927 2693 2996 interpo-”
2713 2941 2733 2974 Γ

567 3059 580 3065 ,
618 3011 741 3060 Cu.
776 3013 943 3060 XVII.
978 3028 1023 3059 1.
1063 3013 1248 3078 Religio
1285 3011 1462 3060 deinde
1490 3013 1566 3060 in-

548 3091 711 3147 cessit,
735 3090 860 3138 vitio
887 3107 967 3138 eos
993 3103 1213 3150 creatos,
1246 3091 1359 3138 vide
1386 3091 1450 3139 ad
1484 3094 1536 3139 11
1550 3127 1566 3152 ‚

548 3169 599 3226 5,
623 3184 673 3215 n.
700 3174 761 3226 4,
788 3179 836 3215 et
855 3169 920 3225 V,
956 3184 1037 3229 17,
1057 3180 1113 3217 n.
1133 3178 1179 3225 4.
1205 3196 1277 3210 --·
1305 3169 1446 3217 Velut
1463 3187 1567 3217 om-

544 3246 681 3294 nibus
700 3261 754 3292 eo
774 3245 900 3294 vitio
922 3248 1157 3295 contactis
1178 3247 1431 3311 auspiciis,
1452 3261 1565 3298 ante

547 3325 744 3376 comitia
761 3324 965 3385 habitis3
992 3325 1107 3373 vide
1124 3326 1188 3373 ad
1203 3328 1275 3374 Vl
1287 3360 1302 3384 ‚
1329 3328 1393 3374 28
1406 3362 1421 3385 ‚
1440 3344 1489 3374 ιι.
1512 3344 1561 3377 2.

616 3419 664 3450 a.
707 3404 865 3450 Fama
892 3404 1066 3468 gallici
1099 3404 1212 3452 belli
1232 3421 1328 3468 pro
1356 3406 1562 3453 tumultu

545 3481 735 3537 valuit,
765 3492 842 3537 ue,
882 3492 986 3529 etos
1012 3498 1162 3545 quum
1200 3483 1315 3530 alias
1351 3484 1563 3531 tumultu

542 3563 642 3622 jam
659 3625 664 3628 ¹
684 3576 712 3607 a
755 3559 910 3608 Gallis
956 3575 1085 3607 anna
1126 3560 1447 3609 inferentibus
1486 3563 1562 3609 in-

545 3649 748 3703 gruente
794 3637 1003 3686 dictator
1046 3645 1170 3686 esset
1217 3639 1376 3687 dictus
1393 3674 1407 3697 ‚
1445 3652 1564 3689 tunc

547 3720 648 3767 sola
678 3718 866 3765 incerta
891 3716 1008 3764 belli
1033 3717 1193 3781 gallici
1223 3718 1344 3766 fama
1374 3731 1564 3768 tantum

546 3796 724 3855 valuit3
741 3796 894 3843 Periz.
915 3796 1058 3844 Cous.
1079 3813 1188 3860 cap.
1213 3813 1304 3856 20,
1326 3809 1374 3846 et
1396 3798 1460 3846 ad
1481 3802 1533 3846 ΙΙ
1547 3832 1562 3856 ,

548 3876 641 3932 26,
662 3890 714 3921 n.
739 3890 782 3921 1.
812 3874 948 3921 Anni
969 3875 1146 3939 integri
1170 3876 1423 3925 historiam
1450 3894 1563 3925 cum

549 3952 861 4010 consulibus,
888 3954 943 4001 L.
972 3953 1162 4018 Papilio
1188 3954 1397 4004 Cursore
1427 3967 1476 4003 et
1499 3956 1559 4005 C.

546 4028 749 4074 Poetelio
783 4029 970 4077 Libone
999 4031 1175 4079 Visolo
1185 4066 1206 4090 ,
1240 4049 1365 4096 quos
1405 4034 1558 4083 Solia.

1653 3012 1844 3060 nendos
1891 3022 2056 3059 censet
2100 3011 2345 3060 Dodwell.
2395 3010 2456 3059 de
2500 3011 2666 3077 Cyclis
2770 3014 2775 3020 ⁴
2816 3004 2824 3010 ’

1655 3090 1769 3137 diss.
1792 3092 1873 3148 X,
1898 3088 1931 3155 S
1958 3091 2050 3148 78,
2080 3103 2164 3150 79.

1725 3168 1772 3215 3.
1797 3167 2004 3215 Turbati
2027 3168 2161 3216 novis
2187 3166 2426 3225 consiliis,
2464 3168 2579 3216 vide
2603 3166 2666 3217 ad

1652 3248 1677 3294 1
1693 3282 1707 3306 ,
1740 3247 1802 3294 52
1822 3281 1837 3305 ,
1875 3264 1926 3295 ιι.
1960 3262 2004 3294 1.
2024 3273 2093 3283 —-
2115 3249 2213 3295 Res
2238 3237 2517 3295 novae'suut
2539 3247 2668 3295 sedi-

1651 3326 1788 3374 fiosae
1821 3326 2099 3373 molitiones
2134 3325 2363 3374 adversus
2404 3325 2668 3390 rempubli-

1651 3419 1784 3464 cam3
1825 3404 1999 3453 eodem
2032 3416 2192 3452 autem
2233 3404 2377 3450 sensu
2413 3403 2513 3452 hoc
2550 3405 2666 3453 loco

1650 3498 1776 3530 nova
1806 3481 2010 3530 consilia
2045 3493 2159 3529 sunt
2192 3482 2396 3529 consilia
2430 3481 2492 3529 de
2523 3482 2667 3530 rebus

1649 3563 1819 3620 novis,
1847 3560 1908 3609 de
1932 3560 2264 3625 perturbando
2286 3560 2496 3625 pristino
2522 3572 2667 3617 statu.
2706 3603 2710 3608 .

1651 3642 1741 3688 En.
1765 3642 1951 3697 —Eo‚
1982 3630 2114 3688 conf.
2133 3639 2194 3687 ad
2215 3642 2265 3698 Ι,
2299 3654 2381 3699 ιι,
2402 3656 2452 3687 ιι.
2475 3641 2525 3687 6.

1725 3727 1774 3774 4.
1800 3718 2082 3765 Alexandri
2099 3716 2370 3782 Epirensis,
2399 3717 2515 3766 vide
2539 3717 2601 3764 ad
2623 3733 2664 3764 c.

1656 3800 1683 3847 3
1701 3833 1716 3858 ‚
1749 3815 1799 3845 n.
1830 3799 1876 3845 3.
2640 3839 2644 3845 .

1723 3878 1751 3925 5
1759 3911 1771 3925 .
1785 3875 2159 3924 Exscensionem
2171 3892 2204 3922 a
2217 3878 2376 3922 Paesto
2377 3873 2663 3938 facientem,
2721 3914 2725 3917 ,

1649 3957 1700 4005 h.
1716 3973 1759 4005 e.
1777 3957 1831 4004 in
1848 3956 2108 4004 Lucaniam
2133 3954 2195 4002 ab
2220 3971 2273 4003 ea
2300 3965 2465 4019 parte,
2489 3953 2575 4000 uhi
2593 3963 2669 4001 est

1651 4038 1861 4084 Paestum
1887 4033 1975 4100 (ut
1999 4035 2209 4093 XXXI,
2243 4041 2343 4093 24,
2373 4033 2436 4080 ab
2458 4027 2669 4095 Digjrlm

547 4118 652 4167 oap.
685 4106 745 4150 32
774 4119 1038 4166 memorat,
1067 4109 1117 4155 h.
1144 4111 1178 4156 l.
1207 4110 1262 4156 in
1299 4112 1466 4172 Livio,
1505 4114 1558 4159 in
1644 4116 1798 4173 XXI,
1819 4129 1882 4160 at
1901 4149 1916 4173 ,
1941 4130 2004 4161 ue
2028 4113 2164 4160 nuda
2196 4124 2463 4176 apertaque
2487 4112 2669 4158 Roma·
2708 4176 2717 4185 ⁶
