3000 4717
446 392 495 431 Α.
521 378 569 429 C.
599 388 691 440 393.

449 450 686 501 Μ...
874 406 1177 474 LIBER
1226 406 1310 474 v.
1364 405 1573 473 CAP.
1627 406 1833 472 xlx.
1889 408 2051 474 xx.
2386 404 2506 475 161

395 531 485 602 ad
528 542 956 628 quaestorem
999 528 1284 598 redacta
1326 534 1526 597 est9:
1578 524 1774 595 haud
1822 527 2264 598 ita-multum
2309 527 2516 598 militi

396 643 669 714 datum.
716 638 894 709 Inde
930 639 1021 708 ad
1051 638 1268 710 Veios
1308 637 1665 707 exercitus
1705 635 1999 719 duetuS,
2043 635 2519 734 densioraque

399 750 685 847 castella
718 748 931 836 sacta;
961 762 1032 819 et
1069 773 1108 819 a
1142 745 1842 845 procursationibus,
1872 751 2034 843 quae
2071 747 2310 817 multae
2330 758 2392 792 ¹⁰
2416 761 2520 818 te-

400 887 597 934 mere
632 862 821 932 inter
843 884 1133 929 murum
1167 883 1249 929 ac
1274 858 1544 928 vallum
1580 855 1887 944 fiebant,
1917 856 2193 943 edictO,
2234 882 2326 927 ne
2363 859 2523 952 quis

403 972 676 1066 injussu
727 982 1116 1066 pugnaret,
1153 967 1243 1039 ad
1282 991 1468 1065 opus
1519 965 1778 1037 milites
1822 966 2154 1036 traducti.
2202 971 2525 1063 Operum

404 1080 539 1153 fuit
565 1081 893 1152 omnium
923 1078 1138 1177 longe
1166 1079 1559 1149 maximum
1580 1102 1661 1148 ac
1688 1076 2327 1148 laboriosissimum
2349 1131 2368 1164 ,
2402 1101 2530 1147 cu-

397 1191 687 1262 niculus
718 1192 792 1260 in
827 1214 1063 1261 arcem
1093 1190 1410 1261 hostium
1446 1191 1556 1285 agi
1595 1203 1915 1285 coeptus;
1950 1187 2151 1284 quod
2182 1213 2275 1257 ne
2305 1188 2530 1257 inter·-

405 1304 814 1372 mitteretur
847 1325 1070 1397 opus,
1101 1325 1247 1371 neu
1292 1298 1427 1369 sub
1469 1312 1660 1369 terra
1693 1300 2084 1368 continuus
2128 1297 2336 1367 labor
2377 1322 2533 1367 eos-

408 1412 574 1484 dem
613 1409 1031 1499 eonficeret‚
1070 1411 1147 1480 in
1194 1423 1433 1506 partes
1484 1433 1607 1479 sex
1652 1409 2101 1478 munitorum
2150 1432 2535 1478 numerum

410 1521 646 1592 divisit
678 1548 695 1590 t
735 1545 921 1592 senae
956 1519 1154 1589 horae
1193 1520 1264 1588 in
1306 1517 1562 1589 orbem
1593 1520 1798 1614 operi
1842 1517 2202 1588 attributae
2226 1529 2283 1560 ¹¹
2319 1533 2532 1589 sunt:

412 1647 627 1703 nocte
656 1655 737 1701 ac
771 1630 886 1700 die
917 1652 1296 1725 nunquam
1327 1640 1494 1698 ante
1523 1629 1864 1699 omissum
1885 1683 1904 1714 ‚
1937 1653 2158 1725 quam
2191 1630 2270 1737 in
2300 1653 2538 1701 arcem

414 1738 599 1808 viam
643 1735 980 1807 facerent.
1572 1762 1579 1769 ’

485 1852 668 1917 ·ΧΧ.
709 1849 1035 1918 Dictator
1071 1871 1298 1943 quum
1332 1847 1480 1941 jam
1519 1849 1595 1917 in
1632 1848 1968 1920 manibus
2001 1849 2276 1921 videret
2311 1852 2544 1922 victo-

415 1957 595 2026 riam
632 1980 821 2045 esse,
862 1955 1115 2027 urbem
1165 1955 1783 2054 opulentissimam
1830 1960 1988 2056 capi
2011 1971 2064 2047 ¹,
2113 1973 2546 2058 tantumque

416 2064 673 2162 praedae
703 2064 894 2155 fore,
921 2080 1279 2164 quantum
1316 2092 1469 2138 non
1509 2069 1853 2139 omnibus
1894 2070 1971 2139 in
2009 2096 2237 2141 unum
2274 2072 2550 2144 collatis

419 2192 586 2261 ante
630 2174 856 2249 bellis·
886 2176 1175 2262 fuisset3
1220 2203 1314 2249 ne
1355 2202 1575 2274 quam
1623 2180 1793 2250 inde
1843 2194 1968 2250 aut
2016 2181 2329 2251 militum
2371 2183 2549 2253 iram

420 2310 507 2359 ex
547 2289 985 2387 malignitate
1023 2288 1283 2386 praedae
1322 2290 1599 2387 partitae
1620 2344 1639 2378 ‚
1677 2304 1801 2393 aut
1834 2291 2174 2362 invidiam
2209 2293 2404 2390 apud
2433 2296 2552 2365 Pa-

496 2509 545 2556 9.
560 2494 749 2542 Praedae
763 2511 885 2557 pars
903 2496 1128 2543 maxima
1147 2495 1221 2543 ad
1239 2508 1447 2559 quoeseo-

423 2587 525 2619 rem
550 2572 751 2619 redacta
771 2584 865 2629 est,
891 2579 1063 2638 Propr.
1085 2574 1135 2619 in
1160 2574 1414 2637 publicum
1429 2612 1444 2636 ‚

426 2667 512 2699 eeu
525 2650 745 2698 aerarium
762 2667 790 2697 a
809 2662 1074 2714 quaestore3
1094 2652 1265 2699 confer
1287 2654 1350 2699 ad
1368 2657 1418 2701 ΙΙ
1429 2652 1468 2713 ,”

1536 2499 1639 2548 eive
1660 2501 1914 2564 pervium,
1939 2518 1987 2549 v.
2024 2517 2069 2549 e.
2106 2518 2273 2567 rupem
2298 2503 2428 2550 XXI
2444 2536 2459 2562 ,
2489 2504 2549 2562 37

1535 2594 1612 2642 pr.
1641 2591 1691 2626 et
1721 2592 1843 2628 extr.
1872 2582 2003 2628 viam
2032 2582 2220 2647 aperire
2258 2598 2347 2647 per
2378 2597 2554 2647 rupem

1534 2656 1860 2719 perfodiendo
1886 2675 1991 2706 eam
2027 2671 2076 2708 et
2101 2661 2362 2718 caedend05
2387 2659 2559 2722 ἐξοικο-

427 2745 492 2793 9,
512 2746 563 2778 ιι.
580 2730 820 2787 43et1V‚
839 2729 931 2788 53,
958 2746 1007 2776 ιι.
1032 2737 1079 2785 4.
1101 2732 1245 2777 Forte
1260 2731 1354 2794 leg.
1375 2732 1448 2779 ad

426 2820 709 2875 quanm-es,
746 2807 934 2856 scilieet
957 2807 1082 2855 duos
1099 2808 1313 2856 urbanos
1328 2843 1342 2867 ‚
1361 2809 1446 2873 qui

426 2888 581 2936 aerarii
615 2903 778 2935 curam
807 2886 1069 2935 habehant.
1111 2887 1297 2936 Confer
1322 2887 1447 2934 infra

428 2983 535 3032 cap.
556 2966 623 3015 26
643 2977 768 3015 extr.
781 2993 852 3003 —-
868 2966 1078 3014 Castella
1092 3001 1109 3025 ,
1131 2965 1324 3014 vidend
1343 2982 1446 3030 cap.

434 3054 490 3113 5,
515 3070 567 3101 ιι.
597 3069 645 3102 a.

508 3147 586 3180 ιο.
607 3134 655 3178 A
665 3132 1116 3197 procursationibus
1127 3168 1143 3191 ,
1165 3149 1276 3197 quae
1292 3133 1456 3180 multoe

436 3209 726 3277 „.fiebanc,
772 3228 864 3277 pro
890 3230 1100 3276 quarum
1131 3213 1296 3261 mulcae
1315 3248 1330 3269 ‚
1378 3212 1456 3259 vel

435 3304 546 3353 quoe
569 3288 768 3352 soepius,
795 3303 850 3339 ut
867 3292 1000 3356 apud
1021 3293 1209 3341 callim.
1228 3293 1383 3356 Hym.
1405 3291 1458 3338 in

434 3367 581 3416 Dian.
601 3383 648 3414 v.
667 3383 729 3427 27
762 3367 875 3432 (ubi
898 3369 1012 3417 vide
1033 3365 1257 3432 Ernesti)
1277 3368 1457 3429 πολλὰς

436 3442 496 3498 δὲ
526 3444 686 3515 μάτην
713 3446 1018 3499 ἐτανύσσατο
1038 3452 1202 3518 χεῖρας
1229 3469 1324 3517 pro
1342 3455 1461 3501 πολ-

323 3535 334 3547 '
435 3526 603 3587 λᾶκις,
644 3538 769 3587 etc„
800 3531 953 3576 Doer.
995 3530 1179 3578 Confer
1216 3533 1373 3585 Gron.
1400 3532 1463 3580 ad

437 3606 605 3663 XXV,
638 3604 714 3651 18.
741 3631 800 3640 —
832 3603 1115 3660 Canio-ulus,
1147 3617 1239 3653 ete.
1263 3606 1378 3655 vide
1399 3606 1463 3653 ad

439 3685 527 3741 IV,
551 3698 614 3731 υ
629 3716 644 3740 ,
662 3690 712 3729 ιι.
727 3683 775 3731 3.
795 3683 920 3730 Mox
938 3683 1198 3730 munitores
1218 3681 1464 3744 dicuntur,

441 3762 527 3826 qui
554 3761 605 3807 in
635 3777 797 3807 arcem
817 3761 958 3808 viam
968 3760 1171 3826 focium
1194 3761 1284 3809 sub
1311 3774 1465 3823 terra,

443 3841 522 3888 vel
535 3840 787 3888 cuniculos
799 3851 951 3904 agunt
961 3875 976 3899 ‚
996 3851 1044 3889 et
1057 3840 1210 3888 fossas
1223 3842 1464 3904 aperiunt,

441 3918 691 3967 Minierer.
715 3919 909 3966 Munire
935 3930 1009 3967 est
1032 3919 1189 3968 faeere
1207 3920 1312 3967 sive
1339 3936 1466 3969 mee-

442 3997 542 4044 hile
556 3996 818 4063 (gangbar)
829 4031 844 4056 ‚
863 4015 909 4044 v.
926 4015 968 4045 c..
984 3998 1091 4056 iter,
1111 4011 1195 4047 aut
1208 3998 1346 4046 viam
1364 4002 1465 4059 IX,

447 4090 515 4136 29
550 4073 677 4137 (hoe
713 4087 786 4124 est
798 4111 813 4136 ,
846 4076 1095 4141 lapidibus
1126 4089 1340 4127 sternere
1356 4114 1371 4138 ‚
1408 4095 1467 4127 eo

449 4153 616 4212 modo,
638 4154 700 4203 de
713 4169 819 4217 quo
828 4156 943 4205 vide
951 4159 1085 4219 XLI,
1099 4174 1126 4207 2
1137 4176 1162 4222 7
1170 4157 1467 4228 ,minster-n),

699 4243 800 4310 II.

1533 2729 1703 2804 ἃομεῖν
1725 2737 1806 2786 τὸν
1832 2739 2036 2804 κρημνὸν
2061 2742 2235 2805 Polyb.
2252 2744 2355 2800 111,
2374 2743 2456 2791 55.
2483 2745 2556 2791 Si·-

1534 2809 1959 2866 militerdd‘owotei’v
1969 2815 2056 2887 τῆγ
2066 2820 2270 2885 πέτραν,
2284 2822 2365 2868 vel
2376 2817 2443 2869 τὰ
2456 2819 2559 2886 ὄρη,

1537 2904 1656 2950 etc„
1680 2892 1850 2941 dicunt
1870 2895 2050 2949 Graeci;
2072 2895 2185 2944 vide
2205 2896 2475 2959 Schweigh.
2496 2896 2559 2944 ad

1538 2970 1751 3035 Appi'an.
1777 2974 1831 3019 B.
1856 2972 2069 3020 Hannib.
2099 2990 2205 3037 cap.
2238 2981 2285 3029 4.
2312 2973 2408 3021 Sed
2432 2974 2558 3022 infra

1541 3052 1669 3109 VII,
1709 3052 1803 3109 23,
1829 3050 2088 3099 munitores
2114 3051 2345 3100 dicuntur
2375 3053 2561 3113 triarii,

1544 3130 1630 3195 qui
1654 3142 1807 3181 castra
1836 3129 2079 3188 muniunt,
2118 3130 2215 3178 hoc
2242 3143 2339 3190 est,
2366 3131 2562 3182 firmant

1544 3210 1673 3258 fossa
1697 3221 1747 3258 et
1768 3210 1895 3258 vallo
1921 3210 2050 3258 circa
2077 3227 2131 3257 ea
2155 3211 2328 3259 ductis.

1625 3305 1645 3336 1
1660 3306 1704 3338 1.
1723 3291 1784 3336 In
1802 3291 1965 3337 orbem
1990 3289 2126 3354 operi
2151 3291 2396 3339 attributoe
2410 3326 2425 3351 ,
2451 3289 2565 3338 vide

1547 3368 1610 3416 nd
1636 3371 1660 3416 1
1676 3404 1690 3427 ‚
1724 3385 1810 3429 17,
1837 3385 1888 3418 ιι.
1918 3376 1967 3424 4.

1620 3448 1740 3497 Cu.
1755 3450 1873 3495 XX.
1902 3464 1944 3495 1.
1966 3449 2138 3497 Urbem
2157 3448 2566 3513 opulentissimam

1550 3527 1685 3590 capi,
1716 3543 1808 3592 pro
1833 3539 2028 3591 captum
2059 3528 2149 3583 iri,
2187 3527 2248 3575 de
2274 3544 2326 3574 re
2353 3539 2484 3574 certa
2520 3538 2569 3575 et

1552 3621 1659 3669 quae
1683 3606 1797 3671 jam
1818 3605 1867 3653 in
1892 3607 2113 3659 manibus
2137 3618 2245 3652 erat
2266 3606 2286 3669 (
2298 3616 2353 3652 ut
2374 3605 2435 3653 al.
2465 3623 2571 3654 ma·

1553 3684 1690 3730 nibus
1709 3684 1883 3741 teneri,
1914 3696 1964 3732 et
1984 3695 2153 3732 contra
2182 3683 2404 3731 amittere
2424 3701 2451 3731 e
2472 3702 2585 3734 τηεν.

1555 3761 1692 3809 nibus
1717 3763 1926 3820 XXIX,
1953 3763 2012 3808 32
2038 3779 2052 3820 ;
2090 3762 2167 3808 vel
2185 3762 2402 3810 omittere
2423 3780 2450 3811 e
2468 3781 2573 3812 ma·

1556 3840 1694 3888 nibus
1708 3851 1757 3888 et
1774 3840 1934 3904 simpl.
1949 3840 2189 3899 omittere,
2203 3841 2315 3888 vide
2333 3843 2397 3891 ad
2407 3847 2573 3904 XXV,

1558 3921 1649 3978 38,
1671 3936 1722 3967 ιι.
1751 3918 1842 3984 8),
1858 3918 1956 3966 hoc
1984 3931 2085 3978 est,
2111 3920 2362 3969 manifesta
2388 3935 2437 3971 et
2458 3940 2573 3988 pro-

1555 4000 1763 4064 pinqua,
1786 4014 1872 4046 seu
1890 4000 2113 4064 proxima
2135 3997 2223 4059 (al.
2237 4017 2449 4064 praesens
2463 4036 2478 4062 ,
2496 4003 2576 4051 vel

1555 4095 1695 4144 paene
1717 4078 1988 4143 confecta).
2022 4078 2253 4128 Similiter
2277 4080 2324 4126 in
2350 4098 2497 4128 manu
2523 4082 2575 4129 h.

1556 4175 1599 4209 e.
1626 4170 1869 4225 potestate
1895 4157 2101 4226 alicujus
2136 4174 2237 4206 esse
2266 4160 2447 4220 XXII,
2485 4159 2573 4216 35,

2161 4268 2235 4316 11
