3000 4717
507 342 643 414 512
1343 337 1423 405 T.
1485 337 1769 406 lell
2331 313 2572 426 3:533:

497 465 859 537 incuriose
895 461 995 532 ita
1038 459 1273 557 posita
1293 512 1313 547 ,
1357 472 1704 556 tanquam
1744 457 1999 556 procul
2037 458 2315 532 abesset
2349 458 2577 533 hostis
2607 489 2626 531 :

498 599 725 672 quum
765 571 1006 644 subito
1052 568 1407 641 advenere
1447 569 1873 640 Samnitium
1919 568 2236 667 legiones
2277 584 2475 641 tanta
2522 570 2629 644 fe-

495 687 691 757 rocia
713 738 733 774 ,
782 697 864 754 ut
898 682 1165 754 vallum
1202 704 1435 777 usque
1467 679 1559 751 ad
1593 680 1974 751 stationem
2011 704 2376 751 romanam
2412 679 2629 753 infer-

496 810 658 868 rent
679 806 731 865 2.
762 798 926 867 Nox
960 794 1107 889 jam
1143 789 1528 889 appetebat
1550 787 1621 878 ³3
1654 790 1727 862 id
1770 789 2146 888 prohibuit
2177 793 2631 864 munimenta

498 906 804 995 adoriri;
847 929 983 976 nec
1017 900 1601 988 dissimulabant,
1643 914 1803 971 orta
1844 902 2003 972 luce
2042 916 2333 1000 postero
2369 901 2482 973 die
2518 901 2625 975 fa-

498 1032 761 1090 cturos.
816 1017 1141 1087 Dictator
1161 1065 1181 1100 ,
1238 1010 1364 1083 ubi
1416 1012 1831 1109 propiorem
1894 1035 2022 1108 spe
2087 1010 2629 1085 dimicationem

498 1128 717 1215 vidit,
764 1152 857 1198 ne
889 1125 1202 1196 militum
1241 1123 1493 1194 virtuti
1528 1121 1799 1192 damno
1834 1120 2033 1192 locus
2070 1137 2294 1208 esset,
2334 1123 2624 1222 ignibus

499 1237 771 1311 crebris
816 1236 1083 1308 relictis
1104 1287 1123 1322 ,
1169 1235 1297 1331 qui
1333 1245 1803 1329 conspectum
1839 1231 2153 1302 hostium
2197 1230 2627 1305 frustraren-

500 1363 644 1437 tur,
669 1347 952 1419 silentio
982 1345 1299 1441 legiones
1322 1342 1600 1414 educit:
1633 1366 1769 1412 nec
1791 1355 2032 1412 tamen
2059 1338 2301 1413 fallere
2329 1359 2631 1441 propter
2653 1428 2659 1435 ,

500 1459 1128 1560 propinquitatem
1182 1467 1586 1524 castrorum
1646 1452 1906 1548 potuit.
1968 1455 2209 1548 Eques
2265 1453 2627 1550 extemplo

499 1573 929 1666 insequutus
965 1568 1062 1636 ita
1098 1563 1354 1634 institit
1387 1561 1728 1658 agmini4,
1769 1574 1888 1648 ut,
1924 1559 2160 1632 donec
2199 1560 2625 1653 lucesceret,

498 1679 747 1778 praelio
801 1676 1233 1762 abstineret;
1278 1697 1371 1743 ne
1419 1671 1789 1770 pedestres
1839 1668 2136 1766 quidem
2184 1674 2408 1770 copiae
2461 1688 2625 1747 ante

501 1792 738 1863 lucem
779 1789 1025 1861 castris
1062 1807 1385 1884 egressae.
1425 1785 1666 1878 Eques
1686 1834 1706 1869 ,
1745 1779 1906 1853 luce
1941 1779 2236 1852 demum
2271 1807 2484 1854 ausus
2512 1785 2625 1852 in-

502 1924 792 1974 cursare
817 1900 894 1968 in
928 1896 1252 1979 hostem,
1292 1891 1661 1989 carpendo
1687 1891 2111 1962 novissimos
2130 1887 2160 1932 ⁵
2185 1891 2627 1989 premendo-,-

499 2036 645 2110 que
699 2009 967 2107 iniquis
1022 2006 1114 2079 ad
1165 2005 1568 2077 transitum‘
1599 2002 1776 2073 locis
1822 2025 2081 2100 agmen
2126 2001 2453 2075 detinuit.
2501 2009 2628 2074 In-

570 2222 617 2252 2.
652 2207 717 2253 Ut
748 2205 940 2252 vallum
979 2214 1129 2266 usque
1163 2199 1236 2248 ad
1259 2197 1518 2246 stationem
1599 2195 1803 2259 petebat
1813 2206 2012 2259 tempus.
2023 2197 2249 2253 XXVII,
2268 2198 2359 2246 32.
2373 2199 2485 2244 Iam
2499 2197 2626 2244 enim

499 2299 619 2331 rom.
644 2283 903 2349 inferrent,
933 2280 1032 2328 hoc
1052 2290 1149 2339 est,
1176 2277 1359 2335 vallos,
1396 2290 1521 2340 quos

498 2363 676 2410 milites
716 2378 878 2410 secum
916 2358 1161 2416 ferebant,
1200 2371 1306 2404 non
1340 2354 1521 2402 vallum

499 2440 748 2504 quoddam
769 2438 1067 2503 cespititium
1080 2469 1095 2494 ,
1120 2434 1255 2498 quod
1280 2434 1367 2480 vix
1382 2432 1442 2479 ad
1462 2433 1520 2482 τὸ

497 2518 676 2584 inferre
693 2529 743 2566 et
758 2516 913 2564 subito
936 2513 1164 2561 advenire
1188 2522 1356 2576 aptum
1371 2521 1522 2569 esset3

499 2597 684 2645 Stroth.
748 2599 855 2644 Imo
904 2607 1073 2642 sensus
1115 2602 1188 2640 est
1229 2605 1242 2639 ε
1275 2601 1333 2639 ut
1366 2600 1524 2638 castra

497 2677 721 2746 proxime
734 2673 969 2723 Romanis
978 2681 1221 2736 ponerent
1230 2704 1245 2727 ,
1254 2681 1304 2717 et
1314 2670 1493 2717 vallum
1507 2703 1522 2729 ,

497 2757 626 2804 eirca
639 2772 693 2804 en
705 2752 982 2803 ducendum
993 2786 1009 2809 ,
1022 2749 1255 2817 inferrent
1268 2764 1418 2813 usque
1431 2748 1519 2804 ad,

497 2853 583 2884 seu
607 2837 659 2883 in
676 2834 936 2883 stationem
954 2846 1076 2878 rom.
1099 2845 1209 2893 qnae
1236 2844 1329 2893 pro
1352 2826 1523 2875 castris

497 2930 622 2963 rom.
645 2924 696 2961 et
713 2923 825 2960 ante
844 2925 1012 2958 eorum
1030 2919 1198 2972 portas
1216 2922 1320 2954 esse
1337 2904 1526 2953 solebat

498 2990 645 3058 (vide
663 2991 796 3055 Lips.
816 2988 925 3036 Mil.
946 3003 1067 3035 rom.
1081 2987 1147 3044 V,
1174 2983 1226 3050 8)
1242 3000 1255 3034 z
1277 3001 1390 3032 nam
1407 2983 1525 3030 alio·

504 3072 625 3134 quin
641 3070 809 3117 Livius
829 3066 1034 3114 dixisset
1052 3065 1217 3113 vallos
1238 3082 1259 3121 ,·
1285 3075 1336 3111 et
1353 3062 1524 3110 hostes

497 3150 719 3215 posuisse
760 3158 914 3194 castra
957 3145 1248 3207 intelligitur
1273 3159 1337 3190 ex
1364 3141 1523 3189 verbis

497 3246 633 3293 seqq.
651 3237 856 3292 propter
881 3223 1299 3289 propinquitatem
1336 3232 1523 3268 castro-

496 3325 619 3356 rum.
640 3306 769 3354 Illud
788 3316 949 3352 autem
970 3301 1147 3367 inferre
1165 3301 1237 3348 ad
1250 3315 1343 3365 pro
1357 3300 1521 3363 simpl.

485 3386 626 3451 ferre
645 3385 718 3433 ad
734 3383 963 3448 ponitur,
985 3393 1040 3429 ut
1061 3382 1215 3427 XXX
1231 3413 1246 3438 ,
1273 3381 1357 3437 30,
1382 3396 1431 3426 u.
1458 3395 1520 3437 73

497 3466 702 3513 XXXII
717 3497 730 3519 ‚
759 3470 825 3517 24
848 3478 862 3520 ;
889 3461 1193 3518 XXXVIII,
1223 3473 1282 3505 10
1310 3468 1432 3505 extr.
1459 3460 1520 3504 In

496 3543 662 3592 multis
681 3540 807 3588 Mss
834 3539 1007 3586 bellum
1024 3553 1117 3602 pro
1143 3538 1348 3585 vallum.

567 3623 615 3671 3.
647 3622 765 3667 Nox
787 3618 901 3683 jam
937 3617 1224 3681 appetebat,
1257 3614 1427 3662 confer
1454 3615 1518 3661 ad

497 3702 563 3760 V,
580 3715 661 3761 19,
680 3715 729 3745 n.
754 3713 799 3744 a.
817 3696 949 3744 Male
964 3696 1083 3744 Pau.
1107 3694 1206 3742 duo
1229 3692 1516 3758 apparebat.

494 3781 573 3837 X,
598 3792 693 3826 20:
716 3778 784 3824 Ec
806 3775 920 3840 jam
953 3776 1056 3822 lux·
1077 3774 1350 3837 appetebat.
1388 3772 1516 3819 Ibid.

498 3871 526 3901 2
539 3871 580 3903 t.
600 3858 666 3904 Et
670 3872 783 3921 Jam
800 3854 1060 3918 appetebat
1080 3865 1278 3917 tempus.
1293 3851 1418 3900 lbid.
1432 3859 1517 3906 42:

494 3934 736 3996 Appeteres
771 3949 874 3981 noa·
897 3931 1176 3997 periculosa
1214 3943 1264 3979 et
1295 3941 1519 3995 suspecta

494 4010 661 4058 omnia
670 4012 817 4057 etiam
829 4011 1096 4059 victoribus
1092 4009 1335 4075 faciebat.
1347 4010 1517 4065 XXV,

494 4106 521 4138 2
550 4104 562 4136 ε
605 4086 914 4135 comitiorum
946 4088 1273 4137 consularium
1286 4088 1399 4151 jam
1428 4104 1519 4149 ap·

1609 2265 1916 2322 Nemoeorum
1957 2276 2214 2338 appetebat
2251 2286 2464 2339 tempus,
2514 2291 2628 2339 quoe

1609 2352 1845 2400 celebrari
1867 2352 2065 2400 volebat
2077 2353 2344 2417 prasentia
2371 2369 2479 2400 sua.
2497 2354 2629 2402 Vide

1611 2431 1757 2478 etiam
1795 2432 2046 2488 XXVIII,
2080 2446 2168 2490 ως
2211 2432 2424 2492 XXIX,
2458 2448 2521 2479 10
2549 2449 2628 2497 pr.

1611 2509 1771 2560 solent
1807 2522 1970 2559 autem
2004 2510 2107 2558 haec
2143 2510 2291 2559 verba
2327 2512 2630 2560 confundere

1609 2589 1813 2638 librarii.
1842 2591 1934 2639 En.

1684 2676 1733 2725 4.
1760 2672 1843 2716 Ita
1870 2669 2045 2717 abstitit
2068 2669 2255 2734 agmini
2278 2657 2400 2718 r'om.
2430 2670 2544 2718 vide
2566 2669 2631 2718 ad

1609 2748 1675 2805 V,
1705 2764 1762 2796 ια
1782 2781 1797 2806 ,
1821 2764 1872 2795 ιι.
1905 2750 1952 2796 3.
1989 2749 2152 2812 Eques
2177 2761 2227 2796 et
2252 2765 2370 2798 mox
2384 2750 2629 2812 pedestres

1610 2827 1765 2891 copiae
1777 2826 1962 2874 scilicet
1977 2828 2284 2875 Samnitium.
2295 2855 2365 2864 —-
2373 2830 2630 2875 Incursare

1613 2904 1662 2951 in
1708 2893 1899 2952 hortent'
1927 2921 2097 2970 propr.
2136 2905 2315 2953 dicitur
2343 2906 2405 2952 de
2437 2906 2626 2968 equite,

1613 2983 1751 3046 equis
1790 2983 2011 3031 admissis
2050 2984 2288 3048 impetum
2327 2983 2533 3033 faciente
2574 2985 2632 3032 in

1610 3061 1827 3118 hostem,
1852 3072 1907 3109 ut
1924 3062 2108 3120 XXII,
2148 3064 2240 3121 283
2267 3063 2462 3122 XXIV,
2483 3071 2543 3119 41
2565 3064 2629 3111 al.

1611 3139 1792 3188 Confer
1837 3140 1987 3187 Drak.
2031 3166 2101 3177 --
2148 3143 2409 3189 Incursare
2447 3142 2631 3191 hostem

1609 3219 1786 3267 omissa
1825 3219 2176 3283 praepositione
2222 3222 2457 3284 Fragmm.
2502 3224 2628 3269 Hav.

1609 3298 1861 3362 quomodo
1887 3298 2003 3346 alibi
2035 3299 2226 3346 Livium
2254 3299 2474 3348 locutum
2499 3316 2631 3360 esse,

1608 3393 1754 3440 supra
1777 3377 1987 3425 vidimus
2012 3379 2112 3434 VI,
2134 3379 2231 3436 36,
2255 3377 2336 3425 hic
2361 3389 2522 3426 tamen
2540 3395 2630 3443 po-

1608 3455 1708 3503 tior
1734 3457 1996 3504 auctoritas
2026 3456 2229 3504 aliorum
2261 3456 2505 3514 omnium,
2541 3458 2631 3521 qui

1607 3534 1825 3582 eamdem
1845 3545 2125 3582 constanter
2143 3545 2355 3582 servant.
2369 3536 2553 3583 Confer
2564 3536 2631 3583 ad

1606 3614 1708 3674 111,
1741 3629 1835 3674 7⁰3
1858 3615 1923 3674 V,
1952 3609 2045 3672 38;
2075 3615 2174 3672 VI,
2202 3629 2298 3673 αις
2326 3616 2495 3674 XXV,
2536 3616 2631 3674 353

1607 3693 1853 3751 XXXIV,
1882 3708 1974 3756 193
1996 3694 2255 3749 XXXIX,
2275 3694 2633 3743 2.—-Retinuit

1606 3771 1845 3830 Haverk.;
1862 3788 2036 3835 nempe
2054 3771 2212 3819 solent
2228 3772 2377 3820 verba
2393 3772 2475 3819 illa
2494 3763 2632 3822 comss

1606 3851 1806 3909 mutari3
1830 3850 1916 3898 sed
1928 3851 2178 3914 vulgatum
2189 3851 2270 3898 hic
2287 3851 2473 3911 verius3
2493 3851 2632 3916 qnod

1604 3930 1783 3977 morari
1801 3941 1849 3977 et
1870 3929 2148 3995 longissime
2169 3942 2332 3980 tenere
2353 3942 2509 3981 notat.
2534 3934 2627 3980 En.

1608 4086 1639 4133 ⁵
1678 4008 1725 4056 5.
1743 4009 1996 4074 carpendo
2009 4010 2311 4084 novissimos,
2322 4011 2439 4062 vide
2452 4011 2515 4059 ad
2527 4010 2602 4057 111
2605 4040 2625 4065 a

1652 4121 1666 4145 ,
1693 4104 1744 4135 ιι.
1775 4103 1820 4136 ι.
