3000 4717
510 381 651 452 336

1356 380 1432 444 T.
1498 379 1772 444 LIVII

2317 360 2365 395 A.
2393 356 2441 395 C.
2471 358 2563 397 36¹.

2314 415 2365 455 U.
2389 415 2438 454 C.
2471 418 2565 470 39¹.

503 519 709 575 tusco
742 500 1044 589 dabant3
1095 501 1355 571 imitari
1395 500 1657 571 deinde
1694 525 1819 572 eos
1856 499 2194 595 juventus
2215 553 2235 587 ‚
2275 502 2485 571 simul
2516 503 2624 572 in-

504 611 808 684 conditis
822 611 1011 681 inter
1028 635 1102 681 se
1117 610 1464 706 jocularia
1493 609 1878 684 fundentes
1896 609 2217 681 versibus
2232 613 2579 712 4‚coepere
2597 640 2613 680 ε

501 747 635 793 nec
672 720 924 791 absoni
954 746 993 791 a
1027 745 1201 791 voce
1231 734 1472 792 motus
1506 735 1725 790 erant.
1759 727 2066 817 A‘ccepta
2094 722 2338 817 itaque
2362 747 2478 792 res
2503 747 2621 791 sae-

501 833 810 930 piusque
865 831 1280 927 usurpando
1334 831 1635 900 excitata
1670 857 1685 899 :
1734 830 2133 901 vernaculis
2181 830 2577 902 artificibus
2594 885 2618 919 ‚

505 943 672 1040 quia
694 942 915 1011 hister
928 955 1133 1011 tusco
1146 939 1371 1010 verbo
1384 940 1585 1010 ludio
1598 940 1992 1011 vocabatur
2007 995 2026 1029 ‚
2054 965 2323 1011 nomen
2340 942 2619 1011 histrio-

503 1049 716 1120 nibus
749 1048 1053 1119 inditum
1081 1076 1096 1118 z
1133 1051 1259 1145 qui
1299 1073 1450 1120 non
1472 1103 1491 1136 ‚
1517 1051 1700 1121 sicut
1725 1065 1928 1142 ante,
1958 1049 2377 1123 fescennino
2401 1076 2616 1122 versu

503 1159 803 1231 similem
825 1161 1382 1258 incompositum
1403 1175 1677 1231 temere
1690 1184 1771 1231 ac
1784 1161 2044 1231 rudem
2062 1158 2392 1232 alternis⁵
2404 1163 2618 1257 jacie-

500 1359 711 1423 Augusti
739 1373 844 1408 aevo
874 1358 1198 1406 celebritatem
1225 1357 1513 1421 consequuti

496 1437 741 1485 videntur.
760 1437 902 1485 Conf.
917 1437 1116 1500 Ziegler.
1133 1437 1193 1484 de
1207 1435 1375 1484 Mimis
1388 1452 1511 1484 rom.

500 1515 664 1563 Goett.
683 1531 704 1561 1
717 1516 841 1576 788;
857 1515 1061 1563 Casaub.
1078 1515 1139 1562 de
1151 1517 1249 1563 Sat.
1265 1532 1385 1563 rom.
1406 1532 1450 1563 c.
1467 1531 1512 1574 ις

498 1595 693 1642 Salmas.
715 1594 774 1641 ad
795 1595 1001 1657 Vopisci
1026 1595 1187 1644 Carin.
1215 1610 1321 1658 cap.
1343 1610 1431 1657 19,
1461 1606 1513 1642 et

496 1675 671 1720 Decor.
686 1673 875 1722 dissert.
891 1674 952 1720 de
970 1675 1068 1720 Set.
1081 1674 1134 1720 in
1151 1685 1188 1721 t.
1204 1675 1280 1721 111
1299 1675 1509 1721 Memor.

495 1753 675 1801 literar.
690 1751 844 1799 Aesd.
864 1753 1009 1815 regiae
1033 1753 1264 1816 Inscript.

568 1840 616 1888 4.
634 1831 788 1879 Simul
803 1832 1058 1880 &mendicis
1078 1832 1202 1880 inter
1211 1847 1261 1878 se
1262 1831 1515 1896 jocularia

481 1910 746 1977 findentes
784 1911 1030 1968 versibus,
1069 1912 1211 1958 simul
1247 1910 1311 1957 ad
1344 1909 1515 1958 tibiam

495 1991 696 2039 alternis
715 2003 942 2039 canentes
965 2007 1129 2039 versus
1148 1989 1418 2038 inconditos
1435 1989 1514 2055 (v.

497 2070 560 2117 ad
585 2074 675 2130 lv,
703 2087 796 2130 20,
817 2087 867 2120 n.
895 2068 969 2135 1),
995 2071 1237 2119 saturnios
1257 2081 1305 2117 et
1327 2070 1514 2117 feseen·

493 2150 664 2209 ninos,
683 2150 1022 2214 actionemque
1038 2150 1353 2212 adjungentes
1373 2149 1514 2196 salta-

494 2228 649 2286 noni,
675 2231 753 2277 vel
774 2229 1157 2293 gesticulationi3
1176 2243 1265 2274 nec
1286 2227 1458 2274 absoni
1479 2242 1514 2273 a

497 2322 624 2353 voce
641 2320 795 2354 motus
812 2319 977 2364 eram,
1000 2323 1104 2356 non
1124 2324 1152 2353 a
1175 2315 1320 2353 esntu
1335 2305 1513 2352 abhor-

496 2385 669 2432 rebant
690 2396 946 2448 gestus.—-
958 2383 1243 2447 Usar-pando
1266 2383 1509 2440 excitata,

494 2483 520 2503 ιι
538 2462 756 2521 exculta,
784 2463 995 2526 perfecta
1010 2497 1024 2520 ‚
1059 2473 1225 2519 aucta,
1256 2460 1394 2525 quasi
1422 2461 1512 2509 do·

496 2556 605 2587 mus
631 2556 855 2603 surgens,
881 2552 965 2588 aut
988 2540 1115 2604 ignis
1141 2540 1427 2604 aspirando,
1453 2551 1511 2588 ut

497 2620 822 2688 ἀναζωπυρεῖν
845 2621 900 2670 τὸ
917 2620 1139 2688 χάρισμα
1153 2618 1284 2666 Tim.
1297 2621 1348 2667 11
1360 2653 1374 2677 ,
1395 2635 1438 2677 1,
1458 2619 1510 2678 6,

494 2709 544 2745 et
568 2699 668 2745 fere
687 2701 736 2757 1,
766 2700 858 2761 39,
882 2700 1163 2747 excitantur
1192 2715 1285 2762 pro
1318 2697 1511 2762 fingun-

493 2787 598 2834 tur,
632 2776 1006 2838 confirmantur,
1031 2776 1351 2842 perficiuntur
1375 2793 1388 2826 :
1424 2778 1511 2824 sed

490 2855 649 2920 legere
670 2857 824 2920 gestio
844 2857 1114 2904 exercitata
1134 2857 1410 2905 vernaculis
1429 2873 1511 2903 ar-

494 2935 727 3003 tificibus,
750 2948 821 2993 ec,
851 2936 994 3000 quia,
1020 2948 1112 2984 ete.
1134 2936 1213 2982 vel
1227 2952 1329 2983 re..
1344 2951 1511 2999 ,emen-

491 3014 648 3061 eitaca
655 3015 930 3062 vernaculis
940 3014 1221 3081 artificibus,
1234 3014 1367 3077 quia,
1381 3024 1473 3061 etc.
1483 3035 1510 3055 ι·

491 3094 662 3140 Bauer.
693 3121 762 3129 —-
793 3094 1071 3140 Vernaculis
1103 3094 1367 3161 amflcibus
1379 3127 1395 3148 ,
1433 3093 1510 3139 hi-

493 3171 786 3229 strionibus3
802 3171 917 3219 vide
931 3172 994 3219 ad
1005 3173 1070 3229 V,
1091 3187 1136 3228 1,
1152 3187 1199 3218 2.
1222 3171 1503 3228 Hism‘ones,

493 3248 572 3295 vel
604 3248 776 3296 histros
811 3250 879 3297 ita
918 3251 1077 3297 dictos
1109 3261 1277 3296 monet
1308 3252 1476 3297 Festus
1490 3283 1507 3308 ,

491 3327 627 3390 qnod
650 3329 863 3392 primum
890 3346 953 3376 ex
975 3328 1156 3384 Histria
1184 3328 1430 3385 venerint,
1458 3340 1509 3375 at

490 3407 693 3455 Cluvius
717 3409 874 3455 Rufus
902 3406 1032 3471 apud
1061 3406 1301 3453 Plutarch.
1322 3409 1507 3467 Quaest.

490 3502 613 3534 rom.
636 3498 760 3535 extr.
782 3486 940 3550 (Opp.
960 3497 997 3532 t.
1014 3488 1090 3540 11,
1111 3502 1162 3548 p.
1184 3486 1312 3545 289,
1333 3485 1425 3547 C),
1444 3486 1508 3532 ah

488 3565 660 3613 Histro
697 3565 907 3629 quodam
921 3599 935 3623 ,
973 3563 1057 3627 qui
1096 3563 1376 3611 ludionibus
1392 3598 1405 3622 ,
1444 3581 1508 3612 ex

486 3645 678 3692 Etruria
690 3645 787 3691 hoe
799 3659 929 3691 anno
942 3642 1110 3691 accitis
1119 3676 1133 3700 ,
1145 3653 1246 3690 arte
1257 3643 1505 3708 longoque

489 3724 592 3783 ejus
616 3739 708 3771 usu
733 3723 1027 3788 praestiterit.

561 3803 609 3850 5.
640 3803 737 3864 Qui
760 3819 858 3850 non
873 3838 889 3859 ,
920 3803 1044 3850 sicut
1067 3812 1204 3857 ante,
1219 3798 1506 3865 fescennino

490 3896 661 3937 versu,
688 3883 851 3929 versui
875 3881 1018 3948 (vide
1040 3880 1103 3928 ad
1121 3882 1212 3938 lv,
1242 3895 1328 3938 ια,
1344 3896 1396 3926 n.
1417 3882 1503 3944 8),

487 3956 716 4015 similem,
748 3961 1111 4024 incompositum
1133 3975 1195 4005 ac
1220 3958 1412 4014 rudem,
1446 3969 1508 4004 te-

489 4050 617 4080 mere
636 4048 684 4081 et
703 4037 901 4084 alternis
909 4038 1179 4102 jaciebant.
1203 4037 1298 4086 Hie
1315 4050 1388 4085 est
1408 4052 1507 4083 ver-

489 4111 666 4159 borum
694 4113 845 4171 ordo,
867 4114 1032 4174 judice
1057 4116 1208 4162 Gron.
1244 4138 1269 4156 ιι
1286 4116 1383 4164 Sed
1406 4131 1505 4177 quo

1600 1358 1761 1405 minus
1789 1374 1898 1405 voe.
1925 1370 2100 1409 temere
2124 1359 2359 1407 referatur
2380 1360 2444 1407 ad
2457 1360 2617 1425 jacie·

1602 1437 1747 1493 banc,
1781 1437 1971 1484 obstare
2005 1438 2232 1485 videntur
2265 1438 2516 1499 interjecta
2556 1457 2619 1487 ac

1599 1516 1782 1562 rudem.
1803 1519 1997 1579 Itaque,
2018 1517 2236 1579 quamvis
2252 1517 2537 1580 pleonasmo
2555 1518 2620 1566 la-

1599 1595 1775 1643 borent
1796 1631 1809 1655 ,
1854 1596 1997 1658 jungi
2044 1597 2204 1659 placet
2253 1584 2615 1659 incompositum

1600 1684 1798 1732 temere,
1833 1675 2069 1722 brevitate
2104 1674 2302 1739 quidem
2336 1674 2476 1722 livio
2511 1690 2617 1723 non

1598 1752 1824 1817 indigns,
1851 1765 2027 1804 temere
2056 1766 2107 1801 et
2128 1770 2190 1800 ex
2210 1764 2428 1817 tempore
2450 1755 2617 1802 eonfe-

1602 1843 1732 1879 ctum
1756 1849 1947 1881 versum
1962 1868 1978 1890 ‚
1999 1832 2208 1895 ideoque
2229 1848 2403 1895 parum
2421 1849 2619 1896 compo-

1600 1910 1745 1958 situm
1763 1928 1814 1968 »ς
1841 1914 2011 1976 Bsuer.
2045 1914 2188 1959 Forte
2217 1911 2312 1973 leg.
2324 1910 2614 1974 fescennino

1600 2004 1744 2035 versu
1764 1989 1875 2054 (aut
1897 1991 2063 2038 versui
2069 1990 2089 2055 )
2113 1990 2338 2046 similem,
2366 1990 2403 2038 i.
2424 2007 2466 2038 e.
2486 2007 2617 2038 com-

1591 2068 1806 2131 positum
1829 2080 2026 2125 temere,
2053 2067 2150 2116 nisi
2173 2068 2345 2116 malis:
2378 2070 2465 2115 vel
2487 2085 2617 2117 eons-

1591 2146 1805 2210 posae’tum
1822 2158 2020 2204 temere,
2050 2159 2145 2195 etc.
2162 2147 2350 2195 Notum
2375 2163 2494 2194 vero
2516 2160 2613 2205 est,

1600 2226 1736 2288 qnod
1764 2228 1866 2286 jam
1903 2228 1958 2272 in
1993 2226 2233 2290 prooemio
2271 2225 2337 2272 de
2368 2226 2618 2274 Juvenalis

1598 2304 1724 2363 vitu,
1750 2303 1782 2367 S
1813 2320 1892 2363 11,
1919 2304 2024 2352 dixi
2063 2304 2176 2369 (ubi
2207 2305 2351 2352 etiam
2382 2305 2442 2352 de
2471 2304 2618 2353 variis

1597 2394 1778 2430 satum
1791 2416 1806 2440 ‚
1843 2399 1930 2431 seu
1962 2395 2141 2445 sagrroe
2174 2386 2318 2431 Rom.
2357 2384 2617 2447 generibus

1599 2460 1898 2527 disputavi),
1924 2463 2113 2526 priseos
2135 2474 2185 2510 et
2204 2463 2328 2509 Latii
2345 2474 2393 2510 et
2411 2463 2611 2512 Graeciae

1597 2542 1831 2604 agricolas
1842 2542 1893 2587 in
1907 2542 2206 2591 Liberalibus
2222 2551 2273 2589 et
2288 2542 2425 2589 sestis
2443 2541 2619 2589 diebus

1595 2632 1711 2683 post
1747 2637 1951 2672 messem
1994 2620 2240 2667 conditam
2256 2654 2271 2679 ‚
2309 2631 2483 2684 proter
2519 2620 2615 2668 alia

1596 2698 1783 2746 ludicra
1809 2715 1898 2763 per
1926 2711 2077 2763 pagos
2103 2708 2237 2758 aeta,
2270 2698 2414 2746 etiam
2441 2713 2613 2761 perso-

1597 2790 1740 2826 natos
1766 2778 1980 2840 vinoque
2005 2778 2179 2841 plenos
2207 2776 2617 2840 praetereumibus

1596 2856 1786 2919 sibique
1795 2855 2049 2919 ingessisse
2062 2864 2322 2902 scommata
2335 2865 2384 2901 et
2392 2855 2615 2912 dicteria,

1596 2935 1813 2982 versibus
1855 2936 2139 2998 plerumque
2177 2933 2443 2982 inconditis
2464 2965 2479 2991 ‚
2526 2950 2613 2986 seu

1594 3012 1882 3076 incomptis,
1905 3014 2124 3070 alternis,
2153 3007 2426 3081 ἀμοιῧαῖοις
2466 3010 2612 3076 (vide

1596 3090 1659 3136 ad
1684 3093 1772 3148 IV,
1798 3092 1890 3150 53,
1921 3108 1973 3139 n.
2000 3091 2085 3150 5),
2120 3102 2169 3139 et
2198 3089 2612 3154 extempomlibm

1597 3164 2056 3239 αὐτοσχεδιάσμασι
2076 3205 2091 3221 .
2144 3173 2227 3222 vel
2272 3163 2610 3234 αὐτοσχεδίοις

1595 3242 1784 3317 ἇσμασι
1805 3285 1819 3305 ,
1849 3269 1938 3300 sen
1966 3250 2210 3318 ποιήμασι
2235 3248 2255 3312 (
2270 3250 2607 3312 impromptus,

1595 3326 1933 3392 improvisam)
1948 3364 1966 3386 ,
1999 3341 2201 3384 temere,
2232 3344 2295 3376 ex
2318 3338 2538 3392 tempore
2562 3338 2613 3375 et

1594 3406 1698 3454 sine
1719 3418 1846 3465 arte,
1872 3408 2177 3466 adumbratam
2204 3407 2419 3468 talesque
2444 3421 2613 3454 versus

1592 3486 1740 3533 fuisse
1752 3487 2026 3543 Saturnios,
2048 3486 2098 3532 h.
2113 3502 2156 3532 e.
2167 3485 2358 3549 priscos
2369 3500 2425 3531 ac
2439 3483 2584 3537 rudes
2595 3518 2611 3541 ‚

1594 3575 1643 3611 et
1673 3565 1987 3612 Fescenninos
2000 3599 2017 3621 ,
2049 3580 2081 3611 a
2113 3564 2377 3611 Fescennis
2406 3561 2611 3610 Etruriae

1593 3659 1714 3707 opp.
1738 3644 1807 3690 sic
1827 3643 1987 3691 dictos
2001 3678 2016 3702 ‚
2035 3643 2278 3694 obscoenis
2298 3641 2611 3706 procacibus-

1592 3739 1686 3785 que
1696 3723 1824 3783 iocis
1841 3722 2041 3770 refertos
2053 3755 2068 3779 ‚
2085 3738 2176 3769 nec
2194 3720 2310 3770 ullis
2322 3720 2401 3768 vel
2415 3720 2613 3770 honesti

1593 3812 1642 3848 et
1661 3801 1853 3858 decori,
1874 3801 1948 3847 vel
1964 3800 2105 3847 metri
2117 3800 2306 3862 legibus
2324 3798 2612 3858 adstrictos,

1593 3879 1811 3942 quamvis
1836 3879 2053 3941 rhythmi
2072 3894 2176 3925 non
2195 3879 2339 3942 plane
2366 3889 2609 3941 expertes.

1593 3959 1670 4007 Of.
1688 3958 1856 4006 Claud.
1874 3974 2020 4006 earm.
2033 3960 2276 4016 x1-xiv3
2295 3957 2433 4019 Virg.
2449 3960 2603 4006 Geor.

1591 4040 1667 4095 ΙΙ,
1695 4038 1794 4084 385
1821 4054 1896 4100 sq.
1928 4041 2048 4085 Hor.
2072 4041 2151 4101 ep.
2177 4038 2254 4095 11,
2288 4053 2334 4096 1,
2363 4035 2613 4096 139-167,

1592 4114 1759 4178 ibique
1775 4115 2022 4165 Wielandi
2042 4126 2147 4163 not.
2168 4131 2231 4162 αα
2257 4124 2306 4162 et
2327 4114 2410 4161 23.
