3000 4717
485 390 537 429 A.
568 386 616 426 C.
644 386 732 425 320.

485 446 732 493 um„
958 405 1261 471 LIBER
1310 403 1528 472 vm.
1593 402 1805 474 CAP.
1868 401 2023 470 XL.
2158 409 2165 412 ’
2300 391 2304 395 Α
2417 371 2601 499 5η,

432 524 628 605 haud
683 547 850 593 sane
898 521 1349 594 memorandi
1397 522 1682 620 imperii
1727 522 2160 610 ministerio,
2216 547 2291 592 se
2339 522 2556 598 dicta·

433 650 596 705 tura
632 632 1030 704 abdicaret:
1064 658 1201 703 nec
1236 631 1438 704 facile
1468 647 1609 719 est,
1647 647 1770 704 aut
1804 657 1957 702 rem
1991 632 2134 720 rei,
2163 647 2287 702 aut
2325 648 2561 705 aucto·

432 771 588 816 rem
628 744 901 815 auctori
937 741 1653 840 praeferre.Vitiatam
1681 743 2103 813 memoriam
2132 740 2563 815 funebribus

433 849 813 925 laudibus³
852 878 1048 941 reor,
1082 851 1421 950 falsisque
1455 854 1845 950 imaginum
1886 853 2111 924 titulis
2137 854 2192 941 4,
2241 850 2416 922 dum
2452 851 2560 923 fa-

433 965 625 1034 milia
661 963 751 1035 ad
793 988 867 1038 se
919 988 1225 1060 quaeque
1278 962 1538 1061 famam
1588 989 1833 1034 rerum
1878 979 2277 1061 gestarum,
2327 962 2559 1035 hono-

431 1098 740 1169 rumque
775 1071 1064 1143 fallente
1099 1072 1476 1144 mendacio
1513 1073 1829 1144 trahunt.
1872 1072 2051 1143 Inde
2084 1088 2277 1145 certe
2313 1088 2384 1143 et
2422 1074 2560 1143 sin-

430 1182 771 1277 gulorum.
797 1196 1028 1278 gesta,
1060 1198 1131 1253 et
1158 1183 1447 1280 publica
1479 1186 1924 1254 monimenta
1959 1208 2204 1254 rerum
2234 1181 2555 1254 confusa.

431 1297 582 1364 Nec
635 1295 1020 1390 quisquam
1061 1295 1354 1390 aequalis
1405 1295 1857 1392 temporibus
1906 1296 2042 1366 illis
2084 1295 2390 1392 scriptor
2433 1320 2559 1367 ex-

432 1418 605 1491 stat,
647 1429 797 1500 quo
840 1407 1006 1476 satis
1043 1420 1242 1476 certo
1270 1421 1567 1507 auctore
1598 1422 1827 1477 stetur
1850 1402 1900 1476 ⁵.

429 1688 480 1720 ιι.
511 1688 566 1727 2,
590 1684 639 1720 et
659 1673 909 1738 quadrigis
936 1673 1087 1721 missis
1113 1662 1268 1732 XLV,
1298 1690 1340 1722 1.

503 1751 551 1797 3.
586 1751 818 1798 Vitiatam
852 1752 1145 1799 memoriam
1155 1751 1448 1817 ficnebribus

1538 1690 1621 1721 nes
1629 1673 1770 1739 sorte
1797 1674 2053 1723 delectant.
2097 1678 2163 1724 Et
2174 1712 2190 1734 ,
2220 1676 2453 1732 Hercule,
2483 1674 2561 1724 lice

1540 1753 1730 1817 quidem
1744 1766 1954 1802 exstant.
1965 1759 2093 1818 Ipsae
2111 1757 2234 1802 enim
2239 1755 2454 1821 familia·
2470 1771 2562 1802 sua

0 1553 8 1850 '
426 1594 533 1658 gis,
580 1595 729 1641 semel
749 1593 989 1642 desultore
1015 1595 1155 1642 misso
1183 1596 1366 1654 XLIV,
1391 1610 1449 1656 9,
1539 1580 1679 1658 quem
1714 1597 1961 1644 nonnulla:
1987 1609 2286 1644 mortuorum
2313 1595 2559 1644 laudatio-

430 1828 654 1876 laudibus
679 1847 805 1887 reor,
837 1842 929 1878 ete.
957 1831 1069 1878 vide
1091 1831 1155 1877 ad
1179 1834 1254 1889 ΙΙ,
1286 1839 1370 1891 47,
1397 1848 1447 1877 ιι.

430 1907 462 1953 6
473 1941 487 1964 ,
507 1908 868 1956 laudationibus
881 1909 1071 1956 emend.
1084 1911 1216 1957 Mur.
1230 1905 1309 1957 cui
1324 1911 1450 1956 favet

430 1995 533 2033 tum
578 2003 692 2034 usus
734 1988 998 2050 loquendi,
1041 1999 1145 2036 tum
1186 1991 1448 2036 auctoritas

431 2066 542 2112 Seu.
579 2067 671 2129 Ep.
716 2081 801 2127 92.
839 2066 997 2113 Aliud
1031 2078 1103 2114 esc
1132 2068 1265 2124 laus,
1309 2067 1453 2114 aliud

430 2142 669 2190 laudatio.
693 2146 814 2191 Hoec
836 2156 884 2191 et
899 2160 1069 2191 vocem
1084 2146 1251 2209 exigit.
1273 2148 1449 2209 Itaque
1483 2196 1488 2200 ,

430 2237 567 2269 nemo
590 2222 710 2270 dicit
730 2223 923 2270 laudem
926 2222 1211 2288 funebrem,
1235 2223 1323 2271 sed
1339 2226 1446 2272 lau·-

1539 1833 1683 1896 quasi
1699 1845 2065 1881 ornamentauc
2083 1846 2392 1881 monumenta
2410 1849 2563 1881 serva-

1541 1912 1683 1969 bant,
1715 1911 1853 1959 etad
1872 1930 2007 1959 usum
2020 1947 2036 1968 ,
2065 1912 2110 1959 si
2127 1912 2233 1976 quis
2254 1912 2464 1977 ejusdem
2483 1927 2564 1976 ge-

1538 1991 1664 2038 neris
1685 1991 1959 2047 occidisset,
1990 2003 2037 2038 et
2060 1990 2133 2038 ad
2147 1990 2429 2037 memoriam
2452 1990 2561 2037 lau-

1538 2070 1650 2117 dum
1667 2070 2037 2117 domesticarum
2048 2104 2064 2126 ,
2079 2081 2128 2116 ec
2138 2069 2211 2116 ad
2219 2068 2559 2117 illustrandam

1537 2148 1836 2196 nobilitatem
1859 2165 2011 2195 suam.
2035 2150 2328 2212 Quanquam
2352 2147 2425 2208 his
2450 2148 2563 2198 lau·

1538 2227 1815 2275 dationibus
1851 2227 2053 2281 historia
2088 2244 2245 2275 rerum
2284 2238 2562 2274 nostrarum

431 2299 703 2358 dationem,
721 2301 856 2367 eujus
874 2301 1088 2370 officium
1102 2303 1323 2349 oratione
1337 2320 1448 2350 con·
1523 2306 1674 2372 facta
1697 2317 1768 2354 est
1785 2305 2073 2354 mendosior.
2102 2307 2262 2354 Multa
2288 2306 2415 2353 enim
2449 2316 2564 2353 sunt

430 2390 545 2425 stat.
576 2381 672 2428 Sed
696 2381 918 2437 laudem,
950 2382 1064 2444 quia
1086 2383 1272 2429 oriatur
1295 2399 1322 2429 a
1343 2382 1446 2430 lau·

1537 2385 1715 2449 scripta
1757 2386 1806 2433 in
1847 2386 1938 2442 eis,
1987 2402 2097 2449 qua·
2116 2384 2268 2450 facta
2294 2401 2390 2432 non
2413 2396 2527 2433 sunt
2535 2403 2558 2443 ,-

431 2456 629 2504 datione
644 2493 658 2515 ‚
686 2444 827 2505 etiam
856 2476 947 2523 pro
970 2477 1024 2507 ea
1049 2461 1296 2508 interdum
1326 2462 1447 2520 dici,
1521 2465 1654 2528 salsi
1677 2465 1931 2529 triumphi,
1950 2465 2116 2529 plures
2146 2465 2447 2521 consulatus,
2474 2480 2560 2530 ge·

430 2536 617 2583 Duker.
643 2536 786 2584 docet
806 2538 918 2584 coll.
946 2538 1049 2585 Cic.
1074 2539 1136 2586 de
1160 2542 1246 2586 Or.
1266 2542 1342 2597 11,
1382 2542 1446 2595 84

433 2613 552 2680 (ubi
596 2617 700 2662 laus
740 2615 975 2663 orationis
1011 2628 1085 2663 est
1121 2618 1334 2664 laudatio
1375 2619 1450 2664 fo-

430 2693 646 2758 reneis),
687 2696 817 2742 Suet.
852 2695 954 2742 Cal.
999 2699 1095 2742 XX
1132 2697 1146 2751 ζ
1160 2695 1244 2742 ιὼί
1283 2696 1451 2743 laudes

434 2789 718 2836 componere
757 2784 828 2820 est
864 2773 995 2820 idem
1031 2773 1166 2835 quod
1186 2774 1317 2839 apud
1345 2775 1447 2828 Cic.

430 2851 544 2899 loeo
565 2853 786 2909 laudato,
817 2852 1120 2899 laudationes
1149 2852 1447 2917 scriptitare)

432 2942 481 2978 et
509 2931 696 2979 Phaedr.
718 2934 808 2989 IV,
833 2947 924 2988 20,
951 2931 1037 2979 ubi
1056 2931 1188 2978 conf.
1217 2932 1451 2979 Gadium.

430 3036 499 3044 -
533 3012 677 3057 Hunc
716 3011 883 3057 locum
911 3010 1105 3058 videtur
1124 3021 1292 3057 noster
1316 3028 1452 3058 acce«

431 3087 562 3150 pisse
589 3104 616 3135 a
640 3088 795 3137 Cicer.
828 3089 882 3135 in
907 3090 1059 3137 Bruto
1095 3106 1201 3155 cap.
1231 3090 1292 3138 16
1319 3104 1333 3137 ε
1362 3089 1458 3138 nisi

1539 2559 1660 2590 nera
1687 2544 1835 2590 etiam
1856 2543 2026 2609 falsa,
2071 2555 2119 2591 et
2153 2561 2186 2590 a
2217 2544 2356 2607 plebe
2385 2542 2561 2591 transi-

1541 2621 1722 2677 tiones,
1766 2638 1914 2684 quum
1950 2621 2163 2669 homines
2199 2622 2473 2670 humiliores
2510 2621 2560 2669 in

1541 2699 1753 2744 alienum
1780 2698 1993 2763 ejusdem
2018 2701 2226 2747 nominis
2256 2699 2563 2766 infunderen-

1540 2786 1621 2822 tur
1637 2792 1805 2840 genus.
1837 2778 1931 2824 En.

1610 2862 1658 2909 4.
1688 2855 1841 2902 Falsis
1869 2854 2134 2920 imaginum
2174 2855 2349 2914 titulis,
2389 2856 2561 2905 confer

1541 2933 1604 2979 ad
1626 2935 1714 2991 IV,
1744 2934 1829 2991 16,
1851 2950 1900 2981 n.
1932 2942 1981 2990 4.

1615 3012 1663 3058 5.
1710 3013 1815 3073 Quo
1859 3012 1977 3060 satis
2012 3024 2141 3060 certo
2169 3024 2369 3062 auctore
2393 3025 2557 3071 stetur,

1544 3091 1714 3138 confer
1739 3091 1802 3137 ad
1824 3093 1901 3139 111
1918 3126 1932 3150 ‚
1954 3093 2019 3139 36
2034 3126 2049 3151 ,
2071 3108 2124 3139 ιι.
2154 3108 2233 3139 11.
