3000 4717
2302 329 2353 368 A,
2376 327 2423 368 C.
2452 331 2543 377 340.

482 353 623 435 414
1313 348 1393 414 T.
1438 304 1734 415 'L1v'11
2303 387 2542 437 mm.

479 470 880 544 temeritate
902 465 1175 538 bellum
1202 465 1391 538 foret
1409 520 1429 554 ,
1465 468 1546 537 ni
1579 465 1798 540 duces
1830 468 2356 542 continuissent
2376 471 2601 567 impe-

480 596 638 652 tum
674 576 1005 649 militum.
1046 580 1399 648 Caeterum
1419 630 1438 664 ,
1476 577 1650 673 quia
1676 575 2067 648 multitudo
2100 601 2228 648 sua
2253 603 2601 652 commea·

482 690 675 763 tibus
712 688 1011 787 gravis⁴‚
1045 700 1116 758 et
1153 687 1353 784 prius
1394 684 1716 760 sedendo
1752 684 1844 756 ad
1872 687 2311 778 Suessulam,
2342 704 2415 761 et
2438 705 2597 764 tum

483 798 889 873 certaminis
911 822 1116 869 mora
1133 851 1152 885 ,
1184 794 1376 870 haud
1400 795 1654 894 procul
1683 795 1774 867 ab
1804 822 2050 870 rerum
2077 801 2402 872 omnium
2433 802 2598 876 ino-

485 913 603 1009 pia
639 923 823 982 esset
841 963 861 996 ‚
900 907 1168 1006 placuit
1188 961 1207 993 ,
1248 905 1424 980 dum
1466 904 1788 978 inclusus
1827 920 2118 1005 paveret
2152 906 2407 995 hostis,
2442 907 2598 984 fru-

483 1034 883 1095 mentatum
911 1043 1043 1116 per
1064 1040 1272 1115 agros
1292 1015 1595 1090 militem
1617 1014 1814 1103 duci;
1838 1017 2129 1090 interim
2147 1032 2219 1092 et
2243 1024 2596 1110 Romano,

487 1132 616 1230 qui
642 1129 1018 1228 expeditus
1034 1183 1053 1217 ‚
1084 1140 1440 1225 quantum
1472 1126 1791 1200 humeris
1818 1128 2009 1200 inter
2043 1153 2238 1200 arma
2265 1131 2415 1227 geri
2438 1154 2602 1228 pos-

486 1255 595 1314 set
612 1239 956 1312 frumenti
968 1294 987 1328 ,
1007 1262 1251 1312 secum
1266 1236 1639 1310 adtulisset
1653 1292 1674 1327 ‚
1693 1234 2030 1311 defutura
2043 1241 2306 1311 omnia.
2325 1241 2600 1318 Consul

485 1354 761 1450 palatos
802 1377 932 1450 per
963 1375 1167 1448 agros
1197 1374 1427 1448 quum
1464 1348 1756 1421 vidisset
1792 1347 2068 1438 hostes,
2105 1352 2445 1422 stationes
2478 1353 2603 1425 in-

484 1460 903 1559 frequentes
928 1462 1249 1548 relictas,
1284 1460 1529 1558 paucis
1567 1459 1829 1534 milites
1867 1458 2318 1552 adhortatus,
2357 1461 2449 1532 ad
2481 1487 2597 1534 ca-

487 1587 632 1644 stra
680 1570 1171 1671 oppugnanda
1211 1570 1459 1657 ducit3
1512 1593 1673 1666 quae
1724 1593 1949 1666 quum
2004 1571 2238 1667 primo
2292 1570 2601 1644 clamore

488 1696 706 1779 atque
749 1684 1026 1780 impetu
1069 1683 1371 1779 cepisset
1389 1733 1410 1767 ,
1453 1679 1784 1778 pluribus
1813 1680 2133 1752 hostium
2165 1682 2241 1752 in
2271 1683 2603 1754 tentoriis

488 1787 669 1882 suis,
708 1817 927 1890 quam
953 1795 1030 1863 in
1062 1794 1292 1892 portis
1318 1792 1653 1891 valloque
1675 1850 1694 1884 ‚
1728 1797 1956 1884 caesis,
1991 1798 2191 1894 signa
2218 1797 2501 1895 captiva
2521 1796 2600 1866 in

488 1911 720 1976 unum
749 1905 992 1978 locum
1026 1901 1339 1976 conferri
1352 1904 1602 1999 jussit:
1636 1904 2048 2004 relictisque
2080 1905 2363 1984 duabus
2387 1907 2604 2004 legio-

486 2014 706 2088 nibus
736 2015 1076 2088 custodiae
1111 2028 1183 2087 et
1215 2015 1524 2112 praesidii
1564 2039 1773 2087 causa
1787 2011 1842 2104 ⁵,
1878 2018 2073 2113 gravi
2110 2016 2347 2087 edicto
2379 2016 2604 2086 moni-

489 2127 580 2198 tis
598 2180 618 2216 ‚
671 2140 755 2199 ut
773 2181 795 2214 ‚
849 2125 1085 2198 donec
1139 2126 1292 2222 ipse
1342 2126 1752 2197 revertisset
1770 2180 1790 2214 ,
1836 2125 2074 2222 praeda
2124 2124 2602 2211 abstinerent3
2692 2145 2697 2149 ·

487 2236 853 2333 profectus
892 2238 1173 2335 agmine
1217 2237 1570 2307 instructo
1590 2289 1613 2323 ‚
1658 2260 1886 2331 quum
1932 2236 2332 2333 praemissus
2379 2259 2604 2333 eques

486 2347 685 2418 velut
737 2346 1075 2443 indagine
1119 2344 1497 2444 dissipatos
1551 2341 1949 2418 Samnites⁶
2000 2361 2240 2444 ageret
2265 2400 2283 2434 ‚
2333 2343 2599 2418 caedem

486 2462 870 2559 ingentem.
897 2458 1103 2548 fecit3
1151 2484 1321 2531 nam
1363 2484 1607 2557 neque
1651 2485 1803 2558 quo
1840 2461 2044 2560 signo
2090 2463 2368 2534 coirent
2414 2461 2604 2531 inter

393 2587 396 2596 ·
488 2595 600 2660 se,
638 2593 881 2667 neque
903 2624 922 2658 ‚
960 2582 1210 2641 utrum
1251 2583 1479 2642 castra
1515 2584 1883 2669 peterent,
1918 2595 2012 2642 an
2047 2571 2448 2668 longiorem
2487 2570 2602 2639 in-

2252 2701 2281 2722 ἡ,

560 2769 608 2818 4.
639 2760 766 2824 Quqa
786 2762 1039 2814 multitudo
1057 2780 1147 2812 sua
1164 2765 1504 2816 commeatibus
1593 2767 1797 2832 opinor,
1812 2767 2005 2816 emend.
2016 2767 2204 2820 databus
2218 2765 2487 2813 cohortibus
2494 2765 2603 2822 ,vel

481 2840 645 2908 gravis
671 2853 820 2900 essee,
857 2858 961 2890 non
987 2843 1126 2892 facile
1152 2855 1340 2893 tantum
1371 2860 1504 2891 com-

489 2931 675 2969 meatus
696 2920 876 2970 advehi
900 2935 1068 2987 posset
1085 2959 1100 2982 ‚
1128 2935 1362 2989 quantum
1388 2924 1505 2972 satis

489 3010 616 3048 esset
628 2999 815 3066 ingenti
826 3000 1144 3058 multitudini.
1160 3005 1235 3055 cf.
1248 3003 1313 3054 ad
1323 3004 1478 3058 xxn
1487 3037 1505 3062 ‚

494 3086 582 3137 14,
607 3091 659 3126 n.
693 3079 740 3126 3.
772 3105 843 3116 --
867 3080 1084 3129 Sedendo
1108 3083 1181 3130 ad
1198 3082 1497 3139 Suessulam,

488 3165 545 3203 ut
580 3156 758 3220 passim
791 3156 979 3216 sedere,
1010 3160 1222 3208 assidere
1263 3158 1408 3226 (vide
1438 3159 1504 3208 ad

490 3235 700 3292 xxm,
741 3248 836 3296 19,
871 3252 922 3283 n.
959 3237 1048 3302 3),
1082 3251 1239 3296 stare,
1277 3232 1423 3295 ἧσθαι
1451 3252 1503 3289 et

486 3315 722 3368 καθῆσθαι
747 3330 840 3380 pro
860 3330 875 3364 ε
907 3326 1098 3382 tempus
1122 3318 1360 3367 inutiliter
1380 3333 1503 3366 con-

489 3408 700 3450 sumere,
730 3409 816 3441 seu
840 3395 1067 3458 perdere,
1085 3396 1210 3445 nihil
1233 3413 1400 3461 agere,
1421 3413 1504 3446 ne·

489 3473 750 3537 gligentem
760 3507 775 3530 ‚
798 3473 1042 3537 ignavum,
1064 3475 1278 3523 otiosum
1292 3491 1412 3523 esse.
1424 3475 1499 3523 Cf.

488 3553 591 3611 lx,
622 3553 678 3609 3,
709 3568 759 3598 n.
790 3553 1024 3610 43XXL
1047 3554 1208 3613 48‚n.
1239 3555 1501 3613 83xx11‚

492 3630 548 3690 3,
581 3648 634 3678 n.
664 3639 753 3690 14,
786 3631 924 3679 etad
949 3631 1033 3680 Sil.
1061 3634 1166 3692 111,
1207 3629 1335 3693 ηας
1372 3633 1501 3691 VII,
1546 3632 1551 3636 ’

497 3709 624 3768 ι5ι;
662 3711 743 3767 X,
780 3708 901 3772 597.
938 3709 1019 3757 Sic
1043 3722 1094 3760 et
1120 3711 1299 3777 passim
1325 3710 1503 3760 Fabius

487 3787 651 3834 sedere
669 3787 864 3847 dicitur,
883 3799 934 3837 at
949 3790 1119 3849 xxn,
1133 3799 1218 3849 24,
1236 3791 1290 3838 in
1305 3790 1501 3839 laudem

484 3877 601 3928 pro:
631 3866 883 3915 considere
901 3867 955 3915 in
969 3868 1079 3919 altis
1100 3869 1223 3917 loeis
1241 3880 1291 3918 et
1311 3869 1494 3918 castris.

557 3942 603 3988 5.
657 3944 941 4009 Relictisque
987 3947 1176 3996 duabus
1235 3948 1497 4013 legionibus

485 4018 717 4066 custodia.-
739 4036 892 4070 causa
903 4058 920 4081 ,
955 4025 1041 4088 qui
1066 4025 1256 4089 integer
1280 4037 1353 4076 est
1377 4042 1497 4075 con-

1592 2846 1776 2893 duobus
1797 2845 2017 2893 millibus.

1662 2926 1712 2973 6.
1737 2923 2007 2987 Dissipatos
2023 2922 2282 2980 Samnites,
2309 2923 2497 2987 palatos
2513 2938 2605 2987 per

1591 3019 1731 3068 agros
1743 3037 1758 3061 ‚
1770 3013 1938 3067 ager-et
1949 3003 2088 3056 ‘velut
2102 3001 2332 3067 indagine
2349 3001 2538 3060 clausos
2552 3011 2603 3049 et

1591 3080 1934 3131 circumdatos.
1955 3103 1980 3122 α
1993 3081 2184 3146 Indago
2202 3096 2302 3128 non
2322 3090 2512 3128 tantum
2532 3096 2607 3128 re-

1588 3161 1743 3220 tibus,
1761 3160 1975 3208 cassibus
1990 3170 2039 3208 et
2055 3159 2209 3226 plagis
2223 3159 2478 3208 constabat
2488 3193 2503 3217 ‚
2516 3159 2606 3208 sed

1589 3240 1731 3288 etiam
1744 3237 2047 3304 formidine,
2075 3238 2172 3285 hoe
2190 3248 2263 3285 est
2276 3272 2291 3295 ,
2312 3237 2505 3285 innexis
2525 3238 2603 3284 in·

1591 3319 1755 3384 dagini
1771 3318 2007 3365 variarum
2028 3317 2189 3364 avium
2211 3317 2386 3382 pennis
2400 3316 2604 3381 plumis-

1590 3414 1685 3462 que
1698 3431 1712 3455 ,
1745 3412 1854 3461 que
1880 3395 2189 3445 formidinem
2212 3395 2433 3457 injiciant
2457 3395 2573 3443 feris
2586 3428 2602 3453 ,

1589 3487 1639 3525 et
1668 3474 1883 3524 efficiant
1916 3491 1978 3522 ns
2015 3474 2218 3539 propius
2254 3473 2483 3522 accedere
2516 3489 2604 3521 au-

1592 3554 1737 3602 deant
1747 3588 1762 3611 ,
1774 3564 1859 3602 aut
1870 3552 2208 3601 transcendere
2218 3587 2233 3610 ‚
2245 3552 2324 3600 vel
2335 3552 2437 3600 alio
2450 3552 2603 3600 modo

1590 3632 1797 3681 evadere
1811 3642 2052 3680 conentur
2067 3646 2079 3680 :
2094 3646 2190 3695 pro
2210 3630 2296 3678 tali
2319 3642 2477 3680 autem
2501 3632 2604 3679 for·-

1590 3711 1773 3759 midine
1792 3710 1957 3757 Livius
1976 3726 2097 3757 voce
2119 3708 2348 3774 indagine
2364 3725 2468 3758 non
2485 3725 2606 3757 usus

1589 3801 1663 3839 est
1686 3789 1786 3837 boc
1808 3789 1947 3846 loco,
1970 3789 2058 3837 ubi
2075 3788 2204 3837 nuk.
2225 3790 2327 3849 iam
2344 3779 2477 3837 recte
2496 3804 2602 3836 mo-

1587 3869 1719 3926 nuit,
1745 3884 1849 3915 non
1873 3867 2212 3931 conjungenda
2240 3883 2342 3915 esse
2371 3866 2604 3948 indagine

1586 3946 1842 4011 dissipatos
1853 3981 1871 4003 ,
1901 3945 1989 3994 sed
2013 3946 2114 3994 ind.
2139 3956 2307 4011 ageret
2331 3963 2349 3993 .·
2387 3961 2499 3993 nam
2523 3944 2599 3993 ia·

1585 4024 1763 4090 augiae
1774 4035 1824 4072 et
1837 4024 2099 4074 formidine
2113 4040 2218 4073 non
2236 4024 2462 4090 dissipari
2477 4058 2492 4082 ‚
2510 4024 2602 4074 sed

381 4168 389 4175 .
485 4094 917 4147 sularisexereitus.
928 4102 1059 4149 Hinc
1066 4104 1170 4151 Jac.
1181 4104 1492 4162 Groui-eote,
1581 4102 1743 4153 claudi
1760 4103 1884 4151 feras
1897 4138 1910 4162 ‚
1930 4114 1986 4152 ut
1998 4103 2201 4153 evadere
2217 4119 2320 4154 non
2333 4104 2528 4169 possint
2543 4127 2570 4146 ›-
2587 4122 2605 4164 3
