3000 4717
540 347 676 445 378
1383 354 1459 419 T.
1522 347 1783 420 L1v11
2358 328 2590 438 2:233:

534 476 605 542 Ρ.
636 471 898 542 Decius
920 474 1116 560 MuS,
1146 476 1242 542 M.
1276 472 1632 571 PapiriuS,
1663 473 1750 560 Q.
1785 466 2167 557 Publilius,
2200 484 2273 541 et
2298 473 2401 541 Ti.
2429 475 2648 544 AEmi-

534 578 713 667 lius3
759 582 884 676 qui
932 606 1125 668 rem,
1177 579 1669 652 difficillimam
1712 594 2055 669 tractatu,
2094 595 2164 652 et
2214 581 2646 681 plerumque

533 692 719 787 parti
748 691 1039 786 utrique
1061 746 1079 781 ,
1107 716 1390 789 semper
1421 706 1613 763 certe
1641 690 1879 774 alteri,
1908 714 2193 787 gravem
2214 744 2232 778 ,
2253 715 2479 787 quum
2507 693 2646 764 alia

534 802 1062 890 moderatione,
1117 818 1270 874 tum
1327 802 1696 900 impendio
1749 803 1973 901 magis
2021 802 2313 898 publico
2344 857 2362 890 ‚
2422 828 2642 899 quam

527 910 838 1006 jactura,
870 914 1385 984 sustinuerunt.
1427 912 1654 984 Tarda
1687 913 1881 983 enim
1917 913 2210 983 nomina
2236 926 2309 982 et
2343 910 2640 1009 impedi-

533 1022 719 1092 tiora
744 1022 999 1091 inertia
1028 1020 1442 1096 debitorum
1459 1019 1515 1110 ⁵,
1547 1047 1764 1118 quam
1798 1020 2288 1109 facultatibuS,
2315 1036 2438 1100 aut
2472 1046 2641 1093 aera-

533 1133 721 1203 rium
744 1185 763 1218 ,
801 1133 1065 1202 mensis
1118 1156 1288 1208 cum.
1327 1158 1464 1203 aere
1510 1135 1585 1201 in
1634 1130 1795 1203 foro
1838 1134 2130 1230 positiS,
2167 1132 2519 1217 dissolvit,
2558 1147 2644 1202 ut

532 1242 810 1340 populo
862 1244 1058 1338 prius
1105 1256 1512 1332 caveretur,
1559 1258 1682 1314 aut
1723 1244 2093 1314 {estimatio
2140 1243 2360 1338 aequis
2398 1267 2641 1313 rerum

530 1353 780 1448 pretiis
811 1351 1169 1442 liberavit3
1197 1367 1278 1424 ut
1311 1379 1462 1424 non
1499 1353 1719 1424 modo
1754 1355 1906 1425 sine
1941 1356 2238 1451 injuria,
2268 1354 2392 1425 sed
2425 1355 2639 1425 etiam

531 1462 685 1533 sine
704 1464 1175 1559 querimoniis
1201 1466 1419 1560 partis
1443 1466 1819 1561 utriusque
1839 1518 1858 1549 ‚
1887 1463 2228 1534 exhausta
2257 1465 2361 1533 vis
2386 1465 2639 1559 ingens

533 1573 691 1642 aeris
719 1573 933 1643 alieni
970 1576 1079 1644 sit.
1129 1578 1390 1645 Terror
1420 1574 1591 1646 inde
1626 1599 1851 1646 vanus
1881 1573 2052 1645 belli
2086 1576 2388 1661 etrusci,
2412 1597 2637 1670 quum

531 1682 941 1775 conjurasse
979 1683 1358 1755 duodecim
1391 1685 1702 1782 populos
1736 1684 1925 1756 fama
1964 1698 2178 1771 esset,
2221 1683 2635 1754 dictatorem

532 1789 673 1861 dici
693 1793 923 1889 coegit
954 1820 970 1863 ι
1002 1792 1234 1866 dictus
1259 1795 1335 1864 in
1361 1798 1636 1884 castris,
1666 1821 1755 1867 eo
1778 1798 1970 1868 enim
2005 1796 2101 1874 ad*
2122 1795 2454 1866 consules
2480 1794 2639 1863 mis-

535 1924 695 1971 sum
738 1918 1025 1975 senatus
1079 1905 1491 1977 consultum
1541 1920 1684 1994 est,
1721 1910 1800 1976 C.
1844 1905 2108 1992 Julius,
2148 1906 2266 1975 cui
2306 1903 2638 2000 magister

536 2014 865 2109 equitum
888 2015 1208 2109 adjectus
1227 2015 1670 2087 L.AEmilius:
1696 2029 2030 2087 caeterum
2054 2012 2226 2085 foris
2254 2010 2636 2108 tranquilla

489 2168 496 2176 ·
534 2126 775 2193 omnia
812 2123 1033 2197 fuere.

626 2256 851 2321 XXII.
903 2257 1285 2323 Tentatum
1332 2251 1589 2322 domi¹-
1621 2276 1751 2349 per
1799 2252 2264 2339 dictatorem,
2303 2265 2385 2322 ut
2419 2248 2636 2321 ambo

527 2451 671 2499 conf.
686 2453 801 2497 Tae.
812 2452 1018 2497 Ann.V1
1029 2486 1043 2510 ‚
1059 2467 1080 2497 1
1092 2465 1116 2510 7
1125 2485 1140 2509 ‚
1162 2463 1214 2498 et
1227 2452 1515 2498 infraXXII
1526 2485 1541 2510 ,

528 2528 625 2586 603
656 2529 861 2586 XXIII,
895 2544 987 2586 213
1023 2525 1223 2576 Salmas.
1250 2530 1310 2577 de
1329 2546 1460 2577 usur.
1486 2546 1538 2593 p.

536 2606 663 2664 5103
686 2606 893 2653 Budaeus
915 2606 974 2653 de
997 2622 1100 2654 asse
1116 2608 1270 2667 lihffv,
1296 2625 1405 2673 pag.
1423 2609 1539 2668 173.

597 2694 645 2741 4.
671 2685 836 2733 Tarda
854 2685 1054 2733 nomina
1074 2698 1122 2733 et
1139 2687 1446 2751 impeditiora
1471 2688 1542 2734 in-

522 2765 645 2812 ertia
671 2765 962 2820 debitorum,
996 2767 1166 2814 confer
1198 2767 1390 2815 Ernesti
1415 2766 1537 2813 clav.

524 2845 626 2892 Cic.
657 2861 703 2891 v.
728 2859 924 2900 nomen,
953 2843 1040 2891 ubi
1063 2846 1238 2904 docet,
1270 2846 1324 2892 in
1351 2845 1537 2892 tabulas

523 2936 835 2989 acceptorum
856 2936 904 2972 et
925 2942 1250 2990 expensorum
1270 2925 1437 2972 referri
1453 2939 1539 2970 no-

521 3003 662 3052 mina
675 3003 928 3051 hominum
948 3039 963 3063 ,
1001 3004 1177 3067 quibus
1204 3003 1463 3051 debeamus
1486 3013 1535 3049 et

522 3083 608 3145 qui
623 3082 768 3129 nobis
789 3082 995 3129 debeant
1007 3117 1020 3138 ‚
1046 3100 1141 3129 una
1160 3099 1270 3130 cum
1291 3081 1458 3129 debito
1477 3096 1535 3126 ac

521 3161 729 3223 pec-unia
760 3160 866 3207 aliis
900 3160 1107 3218 eredita,
1152 3172 1200 3208 et
1221 3160 1338 3208 hinc
1361 3174 1533 3206 nomen

521 3237 620 3284 dici
660 3237 738 3285 vel
780 3239 1065 3295 debitorem,
1104 3238 1181 3286 vel
1217 3237 1426 3286 debitum
1453 3237 1536 3303 (ut

519 3315 795 3381 hocloco),
813 3318 889 3365 vel
904 3318 1062 3382 capita
1073 3319 1127 3364 in
1140 3315 1316 3365 tabulis
1329 3316 1508 3379 scripta
1520 3350 1534 3373 ,

518 3395 878 3460 Schuldposten.
922 3399 1091 3460 Itaque
1137 3394 1284 3441 tarda
1334 3395 1534 3441 nomina

519 3487 633 3522 sunt
654 3474 732 3522 vel
758 3474 1003 3522 debitores
1034 3489 1136 3520 non
1155 3474 1289 3532 justo
1311 3483 1533 3536 tempore

521 3555 788 3611 solventes,
815 3554 919 3612 vel,
960 3564 1015 3599 ut
1038 3552 1134 3599 hoc
1160 3552 1298 3609 loco,
1341 3550 1531 3610 debita,

519 3649 621 3682 non
647 3642 929 3697 opportuno
947 3631 1176 3694 justoque
1201 3641 1420 3694 tempore
1450 3646 1531 3678 so-

519 3713 619 3761 luta
634 3745 649 3770 ,
672 3724 721 3761 et
740 3711 857 3759 hinc
880 3711 1004 3758 facta
1027 3709 1333 3773 impeditiora
1357 3708 1532 3757 inertia

518 3791 810 3846 debitorum,
845 3787 1093 3836 difficilius
1116 3804 1247 3835 nunc
1272 3787 1531 3845 solvenda,

518 3869 747 3930 quoniam
769 3869 935 3916 fenore
960 3879 1100 3915 aucta
1122 3877 1259 3925 sunt,
1273 3878 1323 3915 et
1343 3866 1531 3925 debito-

516 3962 593 3991 res
614 3946 907 3994 solutionem
928 3963 1055 4010 saepe
1082 3957 1131 3994 et
1158 3945 1242 3994 diu
1274 3945 1527 4001 distulere,

515 4038 665 4084 quam
676 4022 1001 4086 facultatibus
1015 4060 1029 4080 ‚
1061 4040 1204 4086 quam
1235 4011 1369 4088 quod
1393 4024 1529 4071 debi-

515 4109 677 4146 torum
690 4114 808 4162 opes
823 4116 924 4147 non
943 4101 1221 4150 sufficerent
1233 4103 1296 4150 ad
1310 4102 1527 4152 debitum

1628 2450 1939 2510 solvendum,
1958 2453 2107 2500 modo
2128 2469 2229 2501 non
2245 2452 2407 2499 statim
2425 2451 2636 2514 exigere·

1630 2541 1724 2577 tur.
1760 2532 1839 2579 Sic
1866 2544 2037 2580 contra
2060 2548 2229 2578 nomen
2256 2529 2531 2595 expeditum
2565 2540 2638 2576 est

1628 2620 1835 2669 certum,
1863 2622 1912 2658 et
1935 2610 2161 2674 expedire
2183 2625 2353 2657 nomen
2380 2625 2515 2655 suum
2539 2608 2637 2655 so!-

1626 2704 1741 2736 vere
1766 2687 1999 2736 debitum.
2028 2715 2097 2724 -—
2138 2688 2303 2735 Tarda
2319 2687 2514 2735 nomina
2528 2685 2636 2733 haee

1628 2766 1861 2815 dissoluta
1885 2779 1933 2814 et
1959 2767 2165 2815 liberata
2186 2767 2263 2815 vel
2281 2765 2506 2831 expedita
2523 2776 2637 2812 sunt

1623 2847 1800 2910 partim
1822 2846 2025 2911 pecunia
2049 2856 2284 2893 mutuaex
2307 2846 2477 2892 aerarIo
2500 2844 2635 2902 data,

1625 2925 1666 2971 si
1705 2926 1881 2989 quibus
1916 2935 2167 2988 argentum
2201 2925 2255 2971 in
2276 2923 2531 2987 praesentia
2553 2921 2636 2969 de-

1625 3015 1773 3061 esset,
1817 3003 1884 3050 ita
1910 3014 2071 3052 tamen
2106 3014 2156 3051 et
2181 3019 2235 3050 ea
2261 3002 2545 3050 conditione
2583 3011 2638 3046 ut

1615 3082 1800 3144 populo
1827 3093 1877 3128 et
1900 3082 2069 3128 aerario
2082 3080 2222 3146 prius
2243 3092 2514 3138 caveretur,
2538 3078 2635 3126 hoc

1625 3170 1697 3206 est
1712 3192 1726 3216 ‚
1753 3159 2091 3218 satisdatum,
2116 3159 2390 3219 satisdatio,
2423 3175 2506 3206 sen
2525 3174 2634 3205 cau·

1627 3237 1694 3285 tio
1727 3248 1775 3285 et
1801 3239 2030 3287 securitas
2054 3249 2362 3304 praestaretur
2391 3236 2634 3301 praedibus

1623 3332 1679 3363 ac
1701 3316 1899 3380 praediis
1923 3316 2065 3381 (vide
2079 3319 2233 3365 XXII
2248 3352 2262 3376 ‚
2283 3318 2348 3364 60
2363 3334 2439 3381 pr.
2459 3327 2508 3362 et
2519 3317 2630 3362 Em.

1623 3394 1685 3442 ad
1724 3395 1828 3443 Cic.
1846 3397 1993 3444 Verr.
2031 3399 2081 3453 Ι,
2111 3394 2238 3460 54),
2284 3396 2462 3458 partim
2489 3393 2633 3440 bonis

1618 3474 1911 3538 praediisque
1934 3473 2209 3521 debitorum
2229 3490 2291 3521 ex
2308 3473 2460 3537 oequis
2475 3487 2632 3519 rerum

1611 3553 1783 3616 pretiis
1796 3551 2046 3600 aestimatis
2054 3587 2070 3609 ‚
2089 3564 2137 3599 et
2149 3553 2456 3617 possessIone
2469 3567 2634 3599 eorum

1621 3631 1944 3679 creditoribus
1957 3647 2089 3678 cessa
2105 3664 2120 3689 ‚
2136 3631 2214 3678 vel
2228 3631 2516 3694 syngraphis
2524 3646 2634 3677 eum

1619 3708 1697 3757 his
1724 3710 1891 3768 factis3
1916 3709 2046 3757 unde
2068 3726 2185 3757 mox
2208 3725 2315 3773 cap.
2345 3726 2406 3756 22
2431 3709 2632 3757 dicitur:

1619 3787 1794 3835 solutio
1838 3787 1949 3835 oeris
1992 3787 2142 3835 alieni
2176 3788 2439 3835 multarum
2479 3803 2633 3834 rerum

1616 3877 1887 3913 mutaverat
1910 3865 2146 3916 dominos.

1687 3947 1807 3994 Cu.
1819 3947 1986 3993 xxn.
2004 3960 2047 3992 1.
2066 3948 2343 4001 Tentatum,
2374 3956 2534 3993 rectus
2547 3944 2636 3991 hu·

1610 4026 1692 4086 jus
1706 4024 1941 4072 orationis
1956 4038 2097 4072 casus
2111 4034 2182 4071 est
2194 4041 2208 4083 ;
2226 4024 2467 4084 ejusmodi
2482 4024 2637 4071 forma

1619 4102 1813 4150 dicendi
1832 4119 1948 4150 usus
1969 4114 2064 4160 est,
2089 4104 2138 4162 1,
2161 4102 2242 4150 53.
2262 4103 2352 4150 Eu.
