3000 4717
2308 333 2356 372 A.
2371 332 2419 373 C.
2442 338 2536 381 ⁴⁰⁰·

479 348 611 425 136
1335 354 1410 424 Τ.
1475 354 1758 427 LIVII
2306 396 2537 438 n.c.3⁵‚.

469 474 745 546 laudari
792 474 1017 571 jussi3
1063 498 1305 573 neque
1357 491 1480 548 aut
1538 481 1616 549 in
1673 477 1945 547 curiam
2000 476 2272 562 vocati,
2322 476 2594 573 quibus

462 607 892 682 responsum
917 584 1237 670 daretur,
1268 601 1391 657 aut
1420 587 1666 658 limine
1694 587 1907 656 curiae
1936 582 2447 658 continebatur
2476 612 2586 659 se-

459 708 712 765 natus:
749 695 876 766 sed
909 720 1043 793 pro
1078 721 1154 767 se
1190 698 1501 794 quisque
1539 723 1629 768 ex
1662 696 2030 793 superiore
2067 693 2230 765 loco
2269 694 2361 766 ad
2399 698 2588 767 mul·-

461 805 847 876 titudinem
868 860 887 893 ,
935 807 1013 876 in
1070 808 1363 877 comitio
1422 821 1730 878 stantem
1754 809 1819 894 4,
1875 828 2050 874 voce
2107 805 2593 904 manibusque

458 913 855 1011 significare
881 916 1241 1014 publicam
1267 917 1602 987 laetitiam.
1628 921 1919 987 Beatam
1934 913 2194 985 urbem
2215 940 2588 986 romanam

462 1040 533 1096 et
566 1027 904 1097 invictam
941 1042 1013 1097 et
1046 1042 1380 1098 aeternam
1413 1027 1533 1097 illa
1569 1025 1955 1097 concordia
1983 1024 2259 1096 dicere:
2299 1025 2589 1097 laudare

463 1139 779 1233 equites,
815 1138 1108 1209 laudare
1143 1137 1468 1235 plebem,
1500 1138 1691 1208 diem
1729 1138 1963 1234 ipsum
1997 1134 2329 1207 laudibus
2359 1134 2585 1208 ferre:

461 1242 720 1318 victam
741 1273 894 1320 esse
914 1247 1121 1321 fateri
1145 1251 1555 1320 comitatem
1580 1247 2248 1345 benignitatemque
2278 1260 2586 1318 senatus.

462 1361 806 1430 Certatim
846 1360 1175 1431 Patribus
1212 1360 1556 1457 plebique
1589 1382 1882 1430 manare
1919 1358 2180 1455 gaudio
2219 1357 2590 1454 lacrymam

462 1466 730 1557 donee,
762 1472 1116 1541 revocatis
1164 1471 1242 1540 in
1286 1470 1559 1541 curiam
1606 1467 1935 1540 Patribus
1953 1523 1974 1555 ,
2013 1466 2593 1539 senatusconsul-

460 1588 621 1645 tum
657 1574 929 1648 factum
967 1593 1077 1649 est
1096 1633 1115 1667 ,
1152 1584 1244 1648 Ut
1270 1581 1546 1650 tribuni
1575 1578 1955 1666 militareS,
1991 1586 2334 1649 concione
2367 1579 2592 1650 advo-

459 1700 626 1754 cata
637 1738 657 1770 ‚
661 1686 1042 1781 peditibus
1060 1688 1558 1787 equitibusque
1566 1696 1836 1787 gratius
1854 1707 2150 1785 agerent
2163 1713 2189 1756 τ
2207 1710 2597 1758 memorem

451 1798 745 1890 pietatis
788 1821 1037 1867 eorum
1086 1823 1253 1896 erga
1283 1804 1617 1894 patriam
1659 1799 1982 1877 dicerent
2017 1814 2347 1869 senatum
2364 1799 2544 1889 fore
2564 1827 2596 1887 ,·

452 1902 751 1999 placere
784 1923 1026 1977 autem
1043 1961 1063 1993 ‚
1106 1908 1432 1979 omnibus
1469 1908 1587 1979 Izis
1620 1908 2109 1979 voluntariam
2152 1923 2361 1977 extra
2401 1907 2597 1981 ordi-

464 2039 629 2085 nem
636 2019 985 2113 professis
1001 2017 1330 2090 militiam
1352 2043 1508 2089 (ενα
1520 2019 1918 2116 procedere
1934 2014 1988 2103 ⁵;
2012 2032 2083 2088 et
2109 2019 2334 2115 equiti
2359 2033 2600 2091 certus

462 2149 812 2198 numerus
846 2130 1006 2198 aeris
1031 2143 1139 2198 est
1164 2130 1583 2227 assignatus.
1620 2133 1805 2199 Tum
1839 2129 2153 2226 primum
2185 2123 2600 2222 equisssme-

460 2260 622 2307 rere
665 2239 946 2333 equites
992 2254 1394 2335 coeperunt.
1435 2240 1902 2310 Voluntarius
1937 2238 2196 2308 ductus
2239 2238 2599 2311 exercitus

462 2346 680 2416 Veios
701 2371 855 2416 non
884 2349 1138 2417 amissa
1162 2346 1386 2417 modo
1406 2349 1723 2418 restituit
1742 2371 1995 2444 opera,
2016 2345 2142 2417 sed
2167 2370 2353 2416 nova
2380 2346 2598 2416 etiam

443 2535 628 2603 (vn,
677 2540 767 2597 13,
805 2556 856 2586 n.
902 2537 962 2603 ι)
1000 2539 1231 2587 dicuntur
1264 2552 1489 2606 respectu

460 2617 693 2683 equektris
716 2617 900 2665 ordinis
909 2652 926 2674 ‚
950 2617 1028 2665 vel
1048 2618 1291 2682 equitum,
1310 2621 1488 2685 quibus

465 2706 807 2762 opponuntur.

534 2782 585 2832 4.
612 2778 674 2823 ln
701 2776 896 2824 comitio
920 2787 1157 2834 stantem,
1199 2777 1314 2826 vide
1338 2778 1401 2825 sd
1429 2780 1455 2825 1
1471 2812 1490 2838 ,

1578 2553 1766 2600 menta,
1793 2541 1881 2590 sed
1905 2541 2001 2590 sibi
2026 2556 2222 2605 quoque
2240 2541 2482 2607 stipendia
2503 2556 2598 2605 pu-

1576 2620 1704 2669 blice
1739 2621 1985 2685 accipere3
2013 2620 2183 2668 Bauer.
2215 2621 2316 2669 Alii
2343 2637 2445 2668 non
2472 2618 2598 2666 male

1577 2702 1913 2766 suspicantur,
1932 2711 2047 2765 post
2073 2699 2211 2763 equis¹
2229 2700 2466 2749 excidisse
2481 2697 2597 2746 suis.

1577 2780 1898 2843 ConferEpit.
1913 2779 2059 2839 hujus
2070 2778 2184 2825 libri
2194 2811 2209 2836 ‚
2225 2789 2273 2852 et
2287 2794 2430 2841 supra
2449 2776 2599 2824 verba

467 2853 536 2903 36
552 2887 568 2914 ,
593 2870 642 2902 n.
669 2856 720 2902 6.
746 2882 816 2891 ——
841 2855 1089 2904 Laudibus
1100 2856 1269 2922 serre,
1298 2856 1486 2906 efferre.
1577 2857 1701 2905 Livii
1730 2873 1742 2905 :
1772 2856 1905 2920 equis
1925 2872 1977 2902 se
1997 2856 2095 2902 suis
2116 2854 2355 2917 stipendia
2364 2854 2598 2918 facturos

474 2930 699 2990 Gaudio,
725 2948 828 2998 prae
854 2933 1052 2997 gaudio.
1567 2935 1875 3001 promittunt.
1902 2933 2100 2994 Equites
2124 2942 2264 2978 autea
2285 2946 2462 3001 equum
2485 2932 2598 2994 qui-

540 3012 589 3060 5.
631 3011 860 3059 Omnibus
882 3047 894 3058 .
908 3047 920 3059 .
934 3049 946 3061 .
971 3030 1076 3062 oera
1096 3015 1392 3079 procedere,
1433 3027 1491 3064 ut
1577 3014 1688 3061 dem
1708 3012 1977 3059 habuerant
1999 3008 2249 3072 publicum
2263 3041 2278 3066 ‚
2301 3007 2388 3055 sed
2405 3025 2466 3058 eo
2486 3025 2599 3074 grs-

469 3090 640 3147 XXV,
667 3081 798 3149 530'1
817 3093 1051 3152 XXVII,
1083 3107 1171 3153 113
1193 3093 1248 3140 id
1270 3105 1368 3151 est,
1387 3094 1489 3153 jam
1576 3090 1640 3138 tis
1682 3089 2004 3136 militaverant
2032 3100 2045 3134 ι
2083 3101 2219 3133 nune
2255 3087 2357 3135 suis
2395 3088 2596 3151 quidem

465 3185 529 3217 ex
548 3168 637 3216 ino
664 3167 744 3215 die
759 3202 775 3225 ‚
811 3186 911 3233 quo
936 3172 1142 3237 professi
1168 3172 1389 3219 militiam
1412 3187 1486 3218 es·
1576 3168 1715 3231 equis
1740 3175 1928 3213 merent
1953 3163 2221 3229 stipendia,
2248 3182 2335 3214 seu
2358 3168 2597 3231 militant,

463 3258 601 3305 sent,
632 3246 799 3295 deberi
815 3283 830 3307 ,
852 3262 900 3297 et
922 3247 1038 3298 inde
1060 3259 1344 3315 computato
1365 3260 1485 3296 tem-
1572 3244 1662 3293 sed
1691 3242 1992 3308 stipendium
2014 3259 2210 3309 quoque
2237 3248 2514 3313 accipiunt,
2537 3260 2607 3311 ut·

460 3342 585 3391 pore
610 3326 735 3374 solvi
762 3341 775 3375 :
803 3338 857 3375 ut
886 3345 1042 3376 usurae
1066 3328 1295 3375 dicuntur
1314 3341 1486 3388 proee-
1567 3324 1666 3383 ism
1694 3335 1808 3370 ante
1838 3322 2046 3386 pedites.
2086 3323 2137 3372 Si
2164 3341 2332 3374 sensus
2355 3328 2406 3375 h.
2431 3328 2467 3376 l.
2491 3338 2594 3388 est,

461 3405 606 3462 dere,
630 3405 793 3453 Germ.
817 3406 1035 3471 angeken
1049 3439 1065 3462 ,
1095 3421 1158 3452 ex
1178 3404 1258 3451 die
1281 3417 1484 3467 syngra-
1573 3403 1758 3466 equites
1775 3413 1880 3451 tum
1898 3404 2109 3468 primum
2127 3404 2375 3469 stipendio
2392 3416 2607 3470 accepto·

459 3483 574 3549 phae
593 3518 611 3544 ,
657 3484 731 3533 vel
787 3484 985 3531 elocatae
1030 3482 1284 3545 pecuniae3
1312 3482 1482 3529 Bauer.
1572 3481 1827 3541 militasse,
1863 3497 1968 3530 non
2006 3499 2133 3549 opus
2172 3496 2275 3533 erat
2311 3500 2418 3532 voe.
2458 3482 2595 3547 equis

462 3564 648 3613 Confer
672 3563 735 3612 ad
751 3564 818 3621 V,
839 3562 932 3619 48,
950 3576 999 3607 n.
1031 3561 1079 3608 5.
1107 3587 1176 3596 —
1206 3560 1370 3607 Certus
1395 3574 1487 3608 nu-

465 3659 622 3691 merus
663 3641 775 3691 oeris
802 3639 1015 3706 publici,
1050 3637 1186 3702 quod
1214 3650 1486 3700 mererent;

461 3737 550 3768 seu
584 3720 839 3786 stipendii.
872 3720 961 3767 AEs
999 3718 1064 3767 ad
1105 3733 1261 3766 annos
1294 3717 1482 3768 militia

459 3799 701 3847 referebat
717 3799 865 3846 Drnk.

533 3876 584 3922 6.
619 3879 738 3924 Tum
751 3878 966 3942 primum
981 3875 1116 3942 equis
1129 3911 1146 3935 ‚
1178 3877 1366 3926 seilicet
1382 3887 1482 3926 tam

461 3952 676 4018 publicis
702 3971 845 4017 quam
869 3957 1072 4019 privatis
1085 3989 1101 4015 ‚
1125 3972 1334 4014 merere,
1356 3957 1483 4005 acci·

463 4047 581 4096 pere
616 4031 915 4095 stipendium
929 4067 945 4091 ,
990 4034 1171 4098 equites
1216 4047 1485 4099 ‹ta-penem,-

464 4111 618 4160 Gron.
660 4108 862 4161 Publice
894 4125 1000 4158 non
1035 4112 1173 4173 equis
1207 4112 1358 4161 modo
1396 4114 1484 4161 ali-

1572 3561 1735 3623 adjici.
1759 3564 1841 3610 An
1864 3560 1970 3610 haec
1993 3563 2199 3611 delenda
2225 3574 2324 3623 est,
2361 3562 2595 3628 quoniam

1574 3652 1706 3689 certe
1717 3656 1822 3689 non
1833 3652 2027 3691 constat
2036 3677 2051 3702 ,
2065 3642 2253 3706 equites
2265 3642 2410 3690 etiam
2422 3651 2596 3706 postea

1575 3720 1709 3784 equis
1725 3720 1824 3768 suis
1841 3721 2075 3769 meruisse
2090 3756 2105 3780 ,
2124 3720 2259 3784 qnod
2275 3720 2595 3785 cumprimum

1570 3799 1753 3847 factum
1777 3799 1992 3847 dicitur?
2013 3799 2197 3848 Confer
2220 3799 2376 3847 Gron.
2404 3798 2467 3846 de
2482 3814 2592 3863 pec.

1570 3888 1669 3926 vet.
1697 3880 1801 3937 111,
1825 3894 1884 3938 α,
1906 3896 1957 3943 p.
1991 3885 2118 3938 1243
2143 3889 2194 3926 et
2220 3877 2353 3926 Duk.
2376 3876 2509 3924 adh.
2530 3877 2594 3938 l.;

1572 3957 1704 4021 Lips.
1723 3956 1825 4004 mil.
1839 3958 1983 4005 Rom.
2008 3958 2061 4016 1,
2082 3957 2113 4003 5
2122 3973 2138 4016 3
2165 3956 2321 4004 schel.
2339 3955 2401 4003 ad
2414 3954 2594 4021 Polyb.

1575 4034 1690 4083 diss.
1713 4043 1774 4094 43
1801 4035 1967 4098 Sigon.
1990 4034 2052 4082 de
2068 4045 2170 4082 snt.
2188 4035 2286 4094 jur.
2312 4034 2480 4085 civ-..11
2496 4068 2512 4094 ‚
2531 4049 2595 4094 τις

1573 4124 1624 4162 et
1649 4115 1811 4162 Graev.
1834 4113 2023 4179 Proleg.
2049 4111 2116 4160 ad
2126 4113 2186 4161 Τ.
2210 4113 2264 4174 1,
2286 4113 2427 4162 Antt.
2445 4113 2599 4163 Rom.
