3000 4717
501 332 551 371 Α.
576 331 623 370 C.
652 334 741 377 40..

500 392 743 432 mm
1046 340 1364 422 LIBER
1412 357 1499 423 v.
1557 356 1775 423 CAP.
1829 355 1962 423 v1.
2436 353 2567 425 133

450 503 483 538 «
528 473 773 546 diocre
810 472 1193 547 discrimen
1229 472 1640 574 opinionis6
1676 490 2161 572 sequuturum'
2195 499 2283 545 ex
2323 474 2458 545 hac
2489 500 2568 546 re

445 614 480 649 «
521 585 825 683 putatis3
857 599 1102 657 utrum
1139 587 1431 659 tandem
1470 585 1758 657 finitimi
1790 585 2145 683 populum
2188 609 2572 655 romanum

444 724 480 759 «
521 720 683 767 eum
709 721 860 767 esse
876 711 1136 795 putent
1154 752 1174 786 ,
1195 698 1400 792 cujus
1422 699 1647 793 siqua
1663 695 1841 767 urbs
1863 697 2177 793 primum
2198 695 2401 765 illum
2417 694 2575 767 bre-

445 833 482 868 «
523 806 788 875 vissimi
820 810 1166 903 temporis
1203 809 1619 879 sustinuerit
1660 808 2011 904 impetum
2034 860 2053 895 ,
2087 804 2268 876 nihil
2306 805 2570 878 deinde

442 944 478 980 «
516 918 809 988 timeat?
843 943 935 988 an
974 918 1090 990 hic
1130 920 1221 989 sit
1261 933 1497 990 terror
1532 919 1847 989 nominis
1882 917 2147 1004 nostri,
2186 931 2271 985 ut
2302 916 2573 986 exerci-

444 1056 478 1091 «
522 1040 678 1096 tum
713 1053 1094 1101 romanum
1129 1056 1281 1101 non
1314 1030 1610 1102 taedium
1643 1030 2061 1126 longinquae
2091 1026 2572 1125 oppugnatio-

441 1165 476 1200 «
517 1138 667 1226 niS,
692 1162 843 1208 non
876 1140 983 1211 vis
1013 1139 1268 1211 hiemis
1306 1140 1397 1217 ab
1428 1138 1614 1211 urbe
1652 1140 2115 1210 circumsessa
2141 1134 2362 1207 semel
2394 1158 2577 1204 amo·

441 1275 477 1309 α
516 1270 683 1318 vere
735 1250 959 1345 possit
983 1304 1002 1339 ,
1063 1275 1198 1321 nec
1250 1249 1472 1321 finem
1524 1248 1759 1319 ullum
1808 1247 2029 1317 alium
2077 1245 2295 1335 belli,
2352 1269 2572 1341 quam

440 1384 475 1420 ι(
517 1357 920 1448 victoriam,
949 1362 1274 1448 noverit3
1313 1383 1450 1432 nec
1491 1361 1772 1455 impetu
1811 1358 2054 1455 potius
2089 1356 2320 1444 bella,
2351 1379 2573 1451 quarn

439 1495 474 1529 «
517 1472 1079 1563 perseverantia,
1116 1470 1361 1566 gerat?
1401 1472 1578 1557 Quae
1616 1469 1693 1537 in
1733 1469 1933 1539 omni
1969 1466 2267 1564 quidem
2304 1490 2570 1564 genere

438 1603 473 1637 «
512 1571 821 1668 militiae:
850 1582 1158 1650 maxime
1195 1594 1438 1649 tamen
1483 1580 1562 1648 in
1602 1577 2019 1650 obsidendis
2053 1577 2398 1666 urbibus,
2436 1601 2571 1646 ne-

438 1712 473 1747 «
515 1688 819 1757 cessaria
866 1684 1014 1777 est;
1063 1712 1372 1785 quarum
1428 1689 1810 1786 plerasque
1833 1743 1852 1777 ,
1898 1686 2428 1785 munitionibus
2489 1711 2571 1757 ac

438 1823 473 1859 α
515 1797 824 1866 naturali
873 1800 1015 1870 situ
1060 1799 1654 1897 inexpugnabiles
1674 1855 1693 1889 ,
1728 1798 1915 1871 fame
1971 1800 2231 1895 sitique
2278 1814 2568 1895 tempus

437 1934 472 1969 α
513 1906 752 2003 ipsum
784 1909 1004 1981 vincit
1041 1925 1259 2007 atque
1295 1927 1661 2009 expugnat
1694 1939 1710 1981 ε
1746 1913 1929 1982 sicut
1961 1912 2176 1983 Veios
2211 1934 2569 2008 expugna·

435 2043 469 2079 «
508 2013 650 2103 bit;
689 2019 827 2088 nisi
876 2021 1140 2093 auxilio
1182 2021 1517 2093 hostibus
1555 2020 2100 2121 tribunisplebis
2143 2020 2453 2109 fuerint,
2495 2022 2597 2093 et=

433 2152 469 2189 «
506 2129 751 2199 Romae
805 2130 1215 2203 invenerint
1263 2133 1590 2230 praesidia
1626 2125 2001 2221 Veientes,
2043 2156 2203 2228 quae
2255 2131 2570 2227 nequid-

432 2265 468 2301 (ι
511 2262 729 2335 quam
767 2242 846 2312 in
878 2245 1162 2315 Etruria
1197 2258 1557 2341 quaerunt.
1598 2248 1708 2316 An
1747 2260 1854 2317 est
1885 2244 2288 2342 quidquam
2308 2297 2327 2331 ,
2352 2240 2565 2338 quod

434 2374 468 2409 «
508 2351 931 2423 Veientibus
965 2369 1297 2452 optatum
1340 2380 1546 2452 aeque
1588 2357 2008 2453 contingere
2045 2356 2269 2452 possit
2288 2405 2307 2441 ,
2342 2377 2562 2449 quam

434 2482 468 2518 τι
508 2472 590 2529 ut
623 2459 1100 2555 seditionibus
1135 2467 1449 2562 primum
1484 2464 1663 2537 urbs
1692 2489 2032 2555 romana,
2062 2462 2327 2536 deinde
2365 2463 2570 2534 velut

434 2593 469 2629 ι(
509 2589 599 2636 ex
633 2573 1059 2666 contagione
1095 2590 1323 2646 castra
1353 2576 1834 2675 impleantur?
1854 2581 1976 2665 At,
2005 2575 2340 2664 hercule,
2366 2572 2564 2672 apud

434 2704 469 2740 τι
506 2675 750 2751 hostes
777 2693 977 2751 tanta
1007 2682 1360 2755 modestia
1391 2699 1498 2756 est
1517 2696 1571 2773 7,
1593 2701 1677 2755 ut
1702 2711 1855 2757 non
1886 2685 2563 2771 obsidionistaediO,

362 2810 371 2826 ⁸
434 2816 469 2852 «
509 2814 661 2860 non
705 2791 1024 2891 denique
1061 2796 1308 2891 regni,
1352 2795 1754 2891 quidquam
1801 2794 1994 2892 apud
2045 2820 2166 2865 eos
2210 2809 2561 2865 novatum

429 2927 463 2961 «
506 2900 635 2989 sit;
669 2927 821 2973 non
859 2918 1116 3001 negata
1150 2904 1411 2975 auxilia
1450 2903 1543 2975 ab
1586 2905 1902 2975 Etruscis
1938 2904 2375 2973 irritaverint
2420 2903 2562 2973 ani—

502 3093 552 3139 6.
587 3094 835 3144 Mediocre
876 3097 1129 3147 discrimen
1174 3098 1442 3163 opinionis,
1539 3098 1743 3164 putabat
1777 3099 1895 3145 Em.
1933 3095 2211 3160 Scriptores
2234 3096 2415 3146 latInos
2447 3096 2563 3144 Cre-

433 3167 759 3221 diversitatem
785 3177 1036 3239 opinionis
1073 3190 1124 3225 et
1149 3179 1372 3238 exiguam
1401 3189 1450 3222 et
1538 3176 1702 3222 verius
1722 3183 1862 3222 notat
1888 3172 2033 3222 etiam
2050 3174 2104 3220 iu
2124 3190 2179 3222 ea
2199 3174 2562 3239 enumeratione

433 3263 601 3313 parum
615 3253 976 3312 curaudam,vel
988 3253 1186 3301 levioris
1195 3254 1449 3305 momenti.

430 3353 503 3363 —-
524 3329 691 3375 Utrum
710 3332 931 3390 tandem,
957 3349 1005 3382 v.
1020 3332 1083 3380 ad
1095 3335 1197 3392 111,
1218 3334 1284 3382 68
1300 3367 1314 3390 ,
1333 3350 1383 3381 n.
1400 3348 1444 3381 1.

505 3424 552 3467 7.
579 3408 735 3472 Apud
754 3407 908 3457 hostes
926 3422 1068 3458 tanta
1089 3412 1325 3459 modestia
1348 3424 1442 3470 est,

430 3486 633 3547 εὐταξία
657 3501 708 3538 et
731 3488 947 3558 εὐκαιρία
972 3485 1114 3550 (vide
1129 3495 1333 3542 omnino
1344 3496 1445 3542 Cic.

431 3567 531 3614 Off.
558 3570 608 3624 1,
654 3574 720 3622 4ο
735 3601 750 3626 ,
790 3567 957 3631 ibique
984 3568 1175 3632 Graev.)
1211 3569 1448 3633 simulque

432 3646 570 3708 quies
588 3657 638 3694 et
652 3646 924 3695 moderatio
946 3648 1094 3694 animi
1114 3664 1170 3695 ac
1186 3648 1302 3707 iraeg
1317 3649 1450 3697 unde

430 3724 697 3772 modestum
715 3726 926 3790 opponit
947 3724 1171 3773 seditioso
1197 3727 1301 3774 Cic.
1328 3729 1447 3791 Agr.

430 3804 507 3863 11,
527 3805 587 3850 31
606 3839 622 3863 ,
648 3815 707 3853 ut
724 3806 825 3853 fere
848 3805 1015 3853 Livius
1032 3806 1173 3852 XLII
1191 3839 1205 3863 ,
1233 3806 1326 3865 23,
1348 3824 1449 3854 mo-

430 3882 610 3931 destius
636 3884 758 3931 darc
778 3895 826 3932 et
851 3883 1062 3933 libidinis
1085 3883 1354 3932 arbitrium.
1380 3913 1451 3922 ——-

431 3963 544 4009 Non
570 3962 778 4028 denique
806 3963 1074 4029 quidqitam
1099 3963 1238 4027 apud
1259 3979 1340 4010 eos
1364 3980 1451 4011 no-

431 4053 592 4090 vatum
610 4043 702 4101 sit,
728 4043 843 4092 vide
861 4043 924 4091 ad
943 4046 968 4092 1
982 4078 998 4103 ,
1019 4043 1078 4091 51
1094 4078 1109 4103 ,
1131 4059 1182 4092 n.
1211 4044 1452 4091 1.Vocem

430 4120 636 4187 denique
668 4135 784 4188 post
820 4124 1019 4174 tertium
1039 4140 1138 4172 non
1164 4122 1451 4189 ponendum

1538 3271 1646 3318 quae
1662 3254 1762 3302 duo
1781 3264 1969 3303 tautum
1988 3253 2164 3302 habeat
2181 3254 2418 3313 membra,
2441 3271 2563 3321 prae-

1536 3333 1684 3399 figere
1723 3333 1900 3399 saepius
1929 3334 2071 3382 alteri
2103 3334 2397 3398 particulam
2428 3333 2564 3380 deni·

1537 3431 1643 3478 quc.
1688 3415 1768 3464 Sic
1811 3413 1956 3462 initio
1998 3413 2161 3461 statim
2190 3414 2392 3462 celebris
2432 3413 2562 3459 illius

1537 3494 1756 3558 epistolae
1800 3492 2055 3541 Ciceronis
2096 3492 2161 3540 ad
2197 3495 2261 3554 Q.
2308 3495 2523 3539 Fratrem
2549 3507 2562 3540 ε

1536 3573 1678 3619 multi
1700 3571 1883 3629 n'uneii,
1899 3570 2053 3636 fama
2079 3570 2339 3633 denique..
2354 3603 2366 3614 .
2385 3604 2398 3616 .
2413 3570 2521 3633 ipsa
2544 3589 2562 3617 .·

1536 3649 1592 3697 id
1618 3662 1716 3710 est,
1735 3653 1860 3699 fama
1880 3651 2026 3699 etiam
2047 3650 2170 3713 ipsa.
2194 3648 2379 3695 Pariter
2395 3648 2446 3694 in
2462 3649 2559 3697 hoc

1537 3729 1666 3775 Livii
1681 3729 1795 3776 loco
1812 3746 1910 3777 non
1928 3728 2136 3790 denique
2157 3725 2296 3789 regni
2313 3726 2405 3774 erit
2416 3761 2431 3786 ,
2456 3743 2557 3776 non

1537 3808 1692 3870 ipsius
1714 3822 1911 3870 quoque
1933 3806 2186 3870 regni.En.
2200 3831 2270 3841 -
2283 3807 2437 3869 Apud
2442 3824 2553 3865 vos,

1540 3886 1666 3933 forte
1691 3885 1787 3949 leg.
1815 3902 1932 3943 nos,·
1955 3887 2123 3932 Bauer.
2144 3898 2216 3922 -¹·-
2234 3886 2347 3932 Non
2378 3899 2559 3952 negata

1541 3964 1735 4011 auxilia
1750 3964 1814 4010 ab
1824 3963 2037 4012 Etruscis
2051 3963 2344 4012 irritaverint
2354 3966 2557 4016 animos.

1540 4044 1733 4093 Habent
1767 4043 1963 4108 quidam
1997 4043 2217 4103 codices,
2247 4061 2345 4092 non
2377 4057 2557 4109 negata

1541 4124 1744 4175 consilia
1758 4143 1776 4174 .·
1796 4137 2017 4177 nostrum
2038 4124 2230 4175 melius.
2255 4127 2342 4173 En.
