3000 4717
487 346 582 439 94
687 329 692 333 ’
1334 346 1411 412 Τ.
1478 346 1663 415 LIV
1679 348 1759 413 11
2187 329 2244 426 ‘1¹11
2261 330 2316 429 (ἐς.
2334 329 2562 441 ἑὲζίἒὶίζ

488 466 716 537 latum
754 463 845 535 ad
883 477 1211 535 senatum
1247 478 1434 537 esset
1468 465 1562 537 de
1596 464 1985 555 seditione,
2022 490 2238 562 quam
2272 468 2616 541 Maecilius

485 575 950 672 Metiliusque
987 573 1367 672 largitione
1405 577 1695 672 pessimi
1732 575 2042 674 exempli
2077 579 2487 668 concirent3
2516 604 2618 650 eae

487 688 851 759 orationes
876 695 900 740 ⁷
923 709 963 755 a
1000 683 1440 782 primoribus
1477 691 1773 758 Patrum
1810 685 2070 758 habitae
2116 702 2319 774 sunt,
2356 704 2438 760 ut
2478 713 2614 787 pro

485 822 561 868 se
601 797 909 892 quisque
940 793 1091 889 jam
1124 817 1257 868 nec
1295 795 1679 867 consilium
1716 795 1852 867 sibi
1883 810 2270 894 suppetere
2308 795 2613 887 diceret,

484 933 621 981 nec
662 932 738 979 se
781 906 1000 979 ullam
1052 928 1266 1003 opem
1313 929 1612 977 cernere
1663 907 1871 979 aliam
1923 931 2231 1004 usquam
2253 961 2274 994 ,
2317 921 2613 1004 praeter-

485 1043 704 1116 quam
752 1019 829 1087 in
871 1015 1251 1088 tribunitio
1291 1016 1604 1089 auxilio:
1650 1018 1726 1088 in
1778 1017 1935 1112 ejus
1983 1018 2354 1115 potestatis
2395 1015 2614 1090 fidem

482 1130 1060 1209 circumventam!
1083 1125 1644 1224 rempublicam,
1678 1141 2027 1225 tanquam
2066 1129 2429 1226 privatum
2467 1129 2618 1199 ino-

483 1263 691 1338 pem,
733 1237 1122 1338 confugere
1166 1265 1181 1308 :
1222 1240 1648 1337 praeclarum
1685 1241 1856 1338 ipsis
1899 1241 2383 1338 potestatique
2421 1265 2572 1314 esse
2594 1297 2615 1329 ,

481 1377 637 1424 non
683 1350 774 1423 ad
824 1351 1236 1423 vexandum
1280 1366 1611 1425 senatum
1652 1350 2233 1449 discordiamque
2274 1350 2617 1422 ordinum

482 1461 917 1534 movendam
962 1462 1127 1558 plus
1170 1463 1251 1533 in
1295 1461 1675 1535 tribunatu
1717 1462 1979 1533 virium
2022 1486 2213 1549 esse,
2262 1485 2481 1558 quam
2525 1459 2619 1531 ad

482 1569 961 1644 resistendum
1001 1570 1352 1668 improbis
1391 1572 1705 1670 collegis,
1750 1572 2101 1643 Fremitus
2146 1569 2409 1643 deinde
2450 1571 2615 1643 uni-

482 1682 670 1753 versi
704 1694 994 1751 senatus
1021 1694 1261 1771 ortus,
1292 1706 1526 1777 quum
1555 1708 1645 1754 ex
1677 1682 2018 1755 omnibus
2046 1681 2372 1781 partibus
2405 1681 2618 1753 curiae

485 1790 761 1863 tribuni
788 1791 1365 1888 appellarentur:
1399 1805 1553 1863 tum
1576 1846 1596 1881 ,
1627 1794 1912 1865 silentio
1946 1793 2168 1881 facte,
2192 1795 2274 1882 ii,
2300 1794 2428 1891 qui
2449 1816 2620 1890 prae-

482 1903 714 2002 parati
759 1916 962 1974 erant
1008 1904 1235 2001 gratia
1276 1904 1687 2001 principum
1709 1958 1728 1991 ,
1767 1928 1988 2000 quam
2031 1907 2483 2003 rogationem
2507 1900 2537 1948 ⁸
2575 1927 2618 1974 a

485 2013 776 2110 collegis
801 2013 1328 2112 promulgatam
1358 2028 1650 2085 senatus
1672 2028 1959 2085 censeat
1987 2013 2456 2086 dissolvendas
2488 2014 2622 2085 rei·

483 2123 791 2223 puhlicae
816 2149 1005 2212 esse,
1030 2124 1095 2198 ei
1125 2150 1199 2197 se
1228 2126 1747 2196 intercessuros
1774 2122 2193 2194 ostendunt.
2221 2124 2482 2194 Gratiae
2510 2122 2619 2192 in·

486 2235 1001 2309 tercessoribus
1034 2234 1123 2307 ab
1162 2248 1414 2308 senatu
1454 2246 1661 2304 actae:
1693 2233 1955 2304 latores
1986 2232 2413 2328 rogationi5‚
2445 2253 2618 2302 con-

485 2346 698 2417 cione
752 2345 1095 2417 advocata
1114 2399 1134 2430 ‚
1180 2343 1592 2442 proditores
1647 2342 1879 2441 plebis
1932 2342 2485 2413 commodorum
2537 2364 2620 2412 ac

485 2477 733 2524 servos
760 2453 1251 2527 consularium
1275 2453 1751 2552 appellantes,
1772 2453 2054 2550 aliaque
2080 2454 2268 2525 truci
2290 2452 2617 2524 oratione

482 2564 562 2634 in
608 2563 917 2662 collegas
956 2564 1257 2652 invecti,
1286 2565 1644 2635 actionem
1686 2564 2110 2662 deposuere.

583 2678 834 2746 XLIX.
869 2679 1038 2747 Duo
1057 2686 1079 2719 ¹
1114 2674 1395 2748 assidua
1423 2673 1615 2748 bella
1650 2677 2040 2772 insequens
2073 2670 2620 2746 annus—habuis·

487 2796 631 2874 set,
667 2808 816 2880 quo
852 2789 929 2854 P.
964 2785 1345 2857 Cornelius
1382 2791 1686 2877 Cossus,
1718 2790 1794 2857 C.
1824 2786 2151 2858 Valerius
2184 2784 2493 2872 Potitus,
2527 2783 2615 2873 Q.

486 2895 838 2989 Quintius
879 2897 1351 2984 Cincinnatus
1370 2955 1389 2989 ‚
1434 2902 1518 2970 N.
1568 2897 1829 2969 Fabius
1863 2895 2300 2979 VibulanuS,
2342 2891 2623 2965 tribuni

487 3003 799 3075 militum
832 3007 1190 3078 consulari
1219 3022 1577 3106 potestate
1605 3006 1936 3091 fuerunt3
1969 3006 2046 3074 ni
2073 3004 2315 3073 veiens
2343 3000 2620 3072 bellum

465 3110 742 3213 xreligio
777 3117 1235 3213 principum²
1267 3118 1654 3190 distulisset
1672 3170 1692 3206 ,
1728 3139 2040 3213 quorum
2070 3138 2278 3211 agros
2310 3111 2620 3200 Tiberis,

493 3244 712 3317 super
745 3225 935 3320 ripas
972 3223 1283 3315 effusus,
1326 3228 1636 3297 maxime
1670 3226 1898 3296 ruinis
1929 3223 2256 3294 villarum
2295 3222 2616 3294 vastavit.

493 3329 720 3399 Simul
748 3333 1017 3427 AEquos
1053 3332 1412 3406 triennio³
1438 3349 1607 3406 ante
1640 3349 1933 3432 accepta
1972 3334 2207 3405 clades
2243 3330 2619 3432 prohibuit

492 3437 809 3527 Bolanis,
842 3464 987 3513 suae
1020 3444 1254 3539 gentis
1298 3445 1578 3542 populo
1594 3500 1614 3532 ,
1650 3445 2062 3545 praesidium
2099 3440 2307 3517 ferre.
2343 3449 2619 3516 Excur-

564 3631 612 3676 7.
650 3619 741 3665 Eoe
777 3617 1053 3676 orationes,
1078 3618 1194 3669 vide
1217 3620 1281 3669 ad
1310 3621 1387 3678 11,
1417 3634 1514 3682 29,
1672 3637 1722 3668 2.
1761 3622 1945 3688 Religio
1962 3622 2267 3688 principum,
2309 3620 2423 3669 vide
2447 3618 2508 3669 ad
2538 3620 2615 3676 11,

491 3711 539 3743 n.
569 3697 619 3744 6.
644 3698 800 3746 Erant
820 3709 982 3747 autem
1009 3698 1197 3749 callidae
1222 3711 1271 3749 et
1292 3700 1442 3750 scitae.
1606 3701 1635 3749 5
1652 3734 1667 3759 ‚
1693 3714 1743 3751 n.
1771 3710 1819 3758 4.

564 3776 610 3822 8.
632 3778 950 3842 Rogationem
963 3777 1276 3829 dissolvenda
1294 3779 1517 3844 reipubli-
1674 3781 1722 3829 3.
1765 3781 1989 3831 biennio
2031 3793 2146 3831 ante
2185 3790 2387 3844 accepta
2427 3777 2614 3835 clades»

492 3867 562 3901 σα·
587 3869 712 3911 esse,
741 3857 855 3904 vide
880 3858 945 3907 ad
970 3860 1075 3917 111,
1102 3867 1196 3917 24,
1221 3875 1273 3909 n.
1299 3875 1344 3908 1.
1601 3861 1715 3912 vide
1733 3879 1841 3928 cap.
1863 3872 1945 3923 47.
1967 3890 2033 3900 -
2067 3861 2294 3918 Bolanis,
2324 3861 2389 3908 8]-
2418 3857 2618 3906 ''dam'‘

562 3933 683 3981 Cu.
709 3937 894 3984 XLIX.
925 3953 969 3984 1.
993 3940 1104 3986 Duo
1137 3939 1337 3989 assidua
1369 3939 1515 4007 (vide
1601 3953 1652 3989 et
1673 3959 1794 3991 mox
1821 3943 1968 3990 Volas
1990 3957 2083 4007 pro
2102 3942 2278 3994 Bolas,
2305 3949 2362 3985 ut
2385 3934 2554 3983 Lavici
2569 3946 2619 3984 et

495 4012 559 4062 ad
573 4015 648 4073 11,
684 4016 778 4075 48,
808 4033 858 4063 n.
886 4017 952 4082 6)
985 4019 1113 4067 bella
1139 4037 1252 4069 cum
1273 4023 1444 4085 Equis
1464 4033 1516 4073 ct
1601 4021 1784 4070 Labici.
1809 4021 1904 4069 Sed
1924 4022 2049 4069 Boea
2067 4016 2391 4077 dieiturvirg.
2407 4015 2618 4074 AEmvl,

495 4093 798 4144 Veioentibus·
1603 4101 1729 4160 776,
1751 4106 1894 4152 Βῶλα
1917 4097 2084 4161 steph.
2110 4095 2247 4145 Boloe
2270 4093 2397 4143 infra
2422 4095 2519 4153 VI,
2548 4109 2611 4153 ας
