3000 4717
461 308 841 418 ῧῑὲςξῗξζςῗζς
900 328 1216 397 LIBER
1279 329 1415 396 lv.
1481 323 1702 395 CAP.
1761 328 1944 395 ΧΠ.
2008 329 2235 397 x111.
2435 349 2527 428 29

403 451 605 523 bant.
660 457 1028 524 Postremo
1076 450 1458 549 perpulere
1512 447 1817 546 plebeii,
1864 448 2056 521 haud
2102 452 2525 527 adversante

404 577 693 651 senam,
723 576 805 633 ut
834 567 914 632 L.
952 561 1309 632 Minucius
1341 555 1763 658 praefectus⁶
1790 583 2096 631 annonae
2129 577 2524 656 crearetur3

405 656 682 744 felicior
717 673 792 742 in
829 697 916 743 eo
954 672 1368 769 magistratu
1404 669 1498 741 ad
1531 669 1929 742 custodiam
1963 670 2310 745 libertatis
2343 673 2531 748 futu·

404 806 529 855 rus
546 838 566 869 ‚
606 807 826 880 quam
866 781 960 853 ad
1005 782 1449 854 curationem
1491 782 1868 853 ministerii
1912 784 2022 853 sui
2053 809 2069 849 ε
2109 808 2528 882 quanquam

398 909 775 990 'postremo
803 905 1150 968 annonae⁷
1168 916 1464 991 quoque
1492 883 1738 962 leva‘tae
1768 890 1962 963 haud
1990 892 2421 965 immeritam
2454 912 2527 968 et

404 1005 701 1101 gratiam
736 1019 808 1075 et
843 1004 1142 1102 gloriam
1180 1005 1383 1075 tulit:
1412 1005 1541 1100 qui
1574 1028 1802 1100 quum
1820 1058 1839 1094 ,
1873 1004 2118 1077 multis
2154 1008 2338 1079 circa
2374 1008 2527 1081 fini-

402 1114 616 1186 timos
633 1115 941 1212 populos
968 1115 1444 1211 legationibus
1465 1130 1654 1187 terra
1679 1116 2005 1213 marique
2030 1117 2526 1215 nequidquam

401 1225 632 1294 missis
659 1226 834 1322 (nisi
855 1225 1055 1321 quod
1083 1250 1172 1297 ex
1198 1226 1485 1297 Etruria
1514 1224 1710 1296 haud
1727 1227 1825 1297 ita
1840 1226 2151 1296 multum
2180 1226 2527 1302 frumenti

401 1331 780 1405 advectum
830 1336 1017 1430 est),
1059 1335 1344 1407 nullum
1378 1349 1832 1422 momentum
1867 1358 2173 1405 annonae
2206 1325 2522 1432 fecisset,

400 1457 473 1513 et
493 1497 513 1532 ,
566 1444 937 1516 revolutus
959 1441 988 1488 ⁸
1036 1444 1127 1515 ad
1183 1443 1794 1542 dispensationem
1840 1445 2101 1542 inopiae
2126 1499 2146 1534 ,
2200 1447 2527 1544 profiteri

399 1553 727 1650 cogendo
767 1553 1217 1626 frumentum
1254 1568 1327 1622 et
1356 1553 1704 1641 vendere,
1742 1552 1944 1651 quod
1980 1579 2116 1626 usu
2148 1573 2523 1645 menstruo

399 1676 839 1760 superesset,
873 1659 1424 1756 fraudandoque
1447 1672 1478 1721 9
1507 1676 1711 1758 parte
1753 1662 1995 1734 diurni
2026 1663 2169 1735 cibi
2204 1671 2522 1760 servitia,

399 1771 849 1841 criminando
868 1827 887 1860 ,
925 1770 1094 1842 inde
1125 1785 1197 1841 et
1232 1769 1644 1865 objiciendo
1685 1774 1805 1843 irae
1848 1775 2103 1871 populi
2131 1772 2522 1852 frumenta-

396 1882 543 1950 rios
561 1934 579 1968 ‚
603 1880 857 1952 acerba
871 1881 1339 1977 inquisitione
1366 1882 1677 1979 aperiret
1702 1885 1957 1979 magis,
1977 1908 2197 1979 quam
2224 1887 2523 1980 levaret,

396 1992 756 2089 inopiam3
785 1991 997 2062 multi
1024 2016 1112 2062 ex
1149 1990 1364 2089 plebe
1384 2047 1403 2080 ‚
1435 2017 1563 2090 spe
1599 1994 1884 2081 amissa,
1912 1996 2153 2091 potius
2184 2021 2404 2093 quam
2439 2016 2525 2071 ut

396 2105 890 2175 cruciarentur
921 2102 1279 2175 trahendo
1316 2105 1628 2175 animam
1646 2159 1665 2193 ‚
1694 2103 2047 2202 capitibus
2065 2116 2128 2150 ¹⁰
2155 2105 2520 2184 obvolutis

394 2239 470 2285 se
504 2216 581 2283 in
618 2212 933 2285 Tiberim
966 2214 1618 2311 praecipitaverunt.
2517 2207 2523 2212 ⁹

488 2329 680 2396 XIII.
728 2330 913 2395 Tum
950 2329 1070 2422 Sp.
1102 2323 1376 2396 Maelius
1427 2351 1518 2397 ex
1558 2328 1876 2423 equestri
1920 2325 2212 2418 ordine,
2255 2343 2337 2401 ut
2379 2330 2517 2402 illis

464 2512 512 2558 6.
553 2511 816 2576 Praefectus
853 2527 1065 2560 annonas
1103 2512 1408 2576 magistratus
1485 2511 1715 2580 profiteri
1713 2511 2017 2578 frumentum
2026 2549 2043 2571 ,
2070 2525 2306 2577 quantum
2320 2512 2416 2577 ipsi
2438 2530 2514 2562 re·

346 2657 349 2664 .
394 2590 806 2640 extraordinarius
822 2590 1127 2655 temporibus
1141 2591 1306 2638 liberae
1321 2591 1410 2637 rei·
1496 2603 1647 2640 staret
1661 2592 1892 2642 frumenti
1902 2629 1917 2653 ,
1944 2595 2254 2642 etc.—-Mox
2272 2610 2359 2640 usu
2378 2608 2515 2641 more

391 2670 605 2735 publieae
619 2704 635 2729 ,
665 2679 871 2734 propter
908 2668 1157 2716 caritatem
1198 2684 1409 2717 annonae
1495 2671 1700 2734 antiquo
1732 2687 1826 2735 pro
1860 2672 1971 2720 usui
1998 2671 2174 2739 (quod
2204 2672 2347 2720 multi
2376 2672 2516 2720 exhi-

390 2747 637 2796 interdum
677 2758 865 2796 creatus
880 2782 894 2806 ,
933 2746 1209 2794 ordinarius
1247 2758 1410 2796 autem
1495 2748 1615 2796 bent
1636 2748 1782 2814 libri)
1804 2785 1817 2809 ,
1838 2761 1894 2799 ut
1919 2752 2018 2798 vn
2029 2785 2044 2810 ,
2068 2766 2096 2797 α
2115 2768 2130 2810 ;
2151 2766 2297 2798 versu
2318 2752 2396 2799 IX
2411 2785 2426 2810 ,
2455 2751 2488 2798 5
2500 2769 2515 2811 ;

390 2829 452 2877 ab
476 2830 702 2893 Augusto
733 2828 888 2875 factus
924 2826 1179 2889 dictusque
1213 2839 1413 2875 curator
1498 2828 1712 2874 exercitu
1728 2863 1741 2883 ‚
1766 2831 1947 2887 XXII,
1974 2845 2001 2876 2
2032 2845 2106 2893 pr.
2138 2828 2339 2876 delectu.
2369 2829 2513 2876 Conf.

375 2908 618 2974 frumenti
630 2907 817 2972 populo
840 2905 1096 2955 dividunda·
1117 2903 1259 2970 (vide
1277 2907 1409 2954 Suet.
1500 2905 1563 2952 ad
1584 2905 1670 2953 sil.
1690 2907 1791 2964 111,
1814 2907 1907 2964 883
1929 2907 1992 2953 ad
2016 2906 2170 2954 Tacit.
2197 2907 2373 2953 Annal.
2402 2908 2479 2953 111
2497 2938 2512 2966 ,

390 2990 518 3052 Aug.
548 2986 677 3053 37),
709 2986 794 3051 qui
819 3002 1028 3034 annonae
1060 3001 1225 3032 curam
1259 2984 1409 3033 habe·
1503 2984 1594 3044 30,
1625 2984 1683 3046 5,
1711 2995 1760 3033 et
1793 2984 1907 3031 infr.
1945 2982 2009 3031 ad
2044 2985 2110 3042 V,
2143 2986 2222 3041 13,
2246 2984 2308 3031 n.'
2338 2992 2385 3039 4.
2425 2985 2507 3034 sie

388 3067 498 3126 bat,
518 3082 753 3115 canonem
772 3066 999 3131 exigebat
1014 3065 1407 3122 frumentarium,
1499 3074 1672 3112 contra
1697 3063 1843 3112 classi
1865 3060 1993 3126 (IV,
2026 3065 2118 3121 34,
2149 3079 2200 3110 n.
2235 3063 2292 3122 3;
2318 3064 2512 3124 XXIV,

388 3157 687 3212 tesserasque
699 3146 1061 3203 frumentarias,
1077 3154 1161 3192 aut
1173 3143 1411 3209 panesdi-
1499 3151 1593 3202 4ο,
1615 3158 1665 3190 ιι.
1701 3158 1756 3202 13
1781 3143 1965 3202 XXX,
1989 3157 2051 3204 9,
2071 3158 2123 3190 n.
2154 3141 2185 3188 5
2199 3157 2214 3200 ;
2245 3141 2367 3189 sor-ei
2389 3139 2511 3206 (Π,

390 3224 603 3274 videbat.
1495 3222 1588 3282 37,
1621 3238 1673 3269 n.
1707 3220 1793 3287 5),
1823 3221 1956 3286 igni,
1996 3221 2140 3278 colli,
2179 3221 2345 3278 amni,
2384 3221 2512 3269 caedi

460 3320 512 3363 7.
537 3306 764 3353 Annonae
785 3305 978 3361 levatoe,
999 3302 1113 3352 vide
1130 3303 1195 3354 ad
1210 3305 1290 3362 11,
1309 3304 1402 3362 34,
1490 3316 1585 3364 pro
1606 3313 1763 3358 sorte,
1787 3301 1941 3349 classe
1949 3303 1972 3356 ,'
1989 3295 2082 3349 ete.
2110 3300 2296 3349 Confer
2318 3298 2383 3347 ad
2400 3314 2506 3362 cap.

389 3398 439 3430 n.
474 3382 564 3439 13,
591 3394 640 3430 et
665 3384 767 3439 111,
795 3398 888 3441 21,
911 3399 963 3430 ιι.
997 3382 1061 3442 53
1088 3382 1273 3431 nullum
1298 3398 1401 3430 mo-
1495 3381 1579 3440 37,
1604 3395 1654 3427 ιι.
1684 3380 1746 3442 5;
1782 3379 1846 3427 ad
1880 3380 2077 3438 XXIV,
2109 3388 2205 3438 4ο,
2241 3396 2291 3426 ιι.
2327 3394 2387 3439 13
2418 3377 2503 3426 sn.

388 3471 599 3507 mentum
613 3460 1048 3525 annonoefecisset,
1070 3463 1172 3521 eius
1188 3461 1401 3525 pretium
1489 3460 1616 3516 VII,
1643 3459 1742 3507 368
1764 3477 1778 3518 ;
1807 3459 1958 3518 VIII,
1988 3459 2111 3517 1253
2138 3460 2222 3515 X,
2250 3456 2367 3512 462.

389 3537 514 3587 nihil
552 3539 653 3585 fere
688 3538 894 3586 levasset
908 3573 923 3596 ,
949 3540 1027 3587 vel
1059 3538 1122 3588 ad
1154 3539 1279 3587 illud
1309 3541 1398 3587 mi-
1560 3553 1610 3600 9.
1633 3536 1951 3584 Fraudando.
1969 3571 1981 3584 .
2076 3535 2297 3589 servicia,
2325 3547 2506 3581 servos.

388 3617 639 3674 nuendum
668 3616 742 3664 nil
774 3616 1018 3664 valuisset.
1043 3618 1226 3677 Confer
1253 3618 1318 3666 ad
1350 3620 1399 3678 1,
1487 3616 1633 3666 Conf.
1652 3618 1732 3674 11,
1765 3630 1827 3663 ro
1848 3610 2510 3662 extr.--17mmemasiimer·

390 3704 474 3757 47,
501 3714 552 3745 ιι.
581 3713 633 3757 7,
656 3706 705 3744 et
732 3697 840 3754 111,
870 3710 955 3754 27,
984 3711 1032 3742 n.
1061 3696 1109 3742 6.
1486 3706 1708 3752 catores,
1740 3694 1827 3757 qui
1862 3693 1988 3739 lueri
2026 3705 2169 3737 eausa
2209 3690 2505 3738 frumentum

459 3776 508 3824 8.
544 3775 796 3824 Revolutus
809 3808 826 3831 ‚
856 3773 1142 3821 necessitate
1177 3774 1399 3823 redactus
1487 3782 1747 3828 coemunt,
1774 3781 1831 3817 ut
1852 3769 2027 3828 majori
2048 3768 2210 3832 pretio
2235 3778 2406 3831 postea
2428 3767 2503 3817 di·

386 3854 538 3921 (conf.
557 3854 623 3912 V,
648 3869 669 3900 1
684 3868 706 3900 1
727 3853 852 3918 pn),
876 3852 950 3899 ad
964 3851 1395 3915 dispensationem,
1489 3851 1706 3900 vendant
1720 3883 1735 3908 ,
1761 3846 1911 3895 Drak-

388 3933 784 3988 distributionem
795 3965 810 3990 ‚
826 3931 1005 3996 inopia·
1016 3965 1032 3989 ,
1060 3931 1271 3994 exigua,
1292 3948 1400 3995 qua:
1565 3944 1644 3979 ιο.
1662 3926 1909 3992 Capitibus
1921 3926 2152 3975 obvolutis
2167 3941 2219 3973 se
2231 3926 2281 3974 in
2301 3925 2504 3974 merim

387 4023 636 4077 supererat
675 4012 729 4059 in
761 4010 920 4070 Urbe,
950 4009 1184 4058 frumenti
1214 4010 1370 4075 copiae
1383 4046 1398 4071 ,
1484 4005 1935 4073 praeeifitaverun't,
1957 4006 2087 4054 conf.
2108 4008 2278 4054 Horat.
2299 4007 2397 4053 Sat.
2422 4006 2473 4053 11
2486 4036 2501 4061 ,

390 4091 606 4156 cogendo
624 4126 642 4151 ,
680 4106 741 4141 eo
776 4091 912 4156 quod
949 4090 1168 4156 quemvis
1206 4101 1403 4157 cogeret
1494 4089 1522 4138 3
1535 4123 1550 4147 ,
1575 4088 1635 4148 37
1662 4087 1829 4151 ibique
1851 4087 2017 4151 Intpp.
