3000 4717
411 323 460 361 A.
487 320 532 359 c,
560 318 785 371 399—39s.

410 378 786 424 unns-354.
969 338 1291 405 LIBER
1349 339 1432 408 V.
1501 338 1714 406 CAP.
1782 341 1869 406 X.
2346 340 2469 423 141

241 484 252 495 ⁸
357 461 651 531 nomina
689 457 857 527 dare
879 511 899 546 ,
943 471 1023 527 ut
1066 456 1284 527 Urbis
1321 456 1720 528 custodiam
1755 470 2075 554 agerent.
2109 459 2481 547 Quantum

358 583 599 641 autem
638 565 1034 664 augebatur
1058 566 1367 637 militum
1397 591 1782 655 numeruS,
1818 580 2024 636 tanto
2056 568 2329 661 majore
2357 592 2482 665 pe-

358 681 570 757 cunia
584 680 661 748 in
678 676 1118 775 stipendium
1139 701 1322 775 opus
1337 691 1487 749 erat
1504 704 1520 746 ε
1539 701 1768 773 eaque
1785 674 2060 747 tributo
2079 675 2486 748 confereba-

358 804 502 876 tur,
528 789 771 859 invitis
795 785 1368 872 conferentibus,
1401 788 1530 884 qui
1550 788 1751 859 domi
1773 784 2278 875 remanebant,
2314 790 2485 884 quia
2506 868 2513 875 ,

358 898 734 973 tuentibus
759 897 1033 970 Urbem
1069 923 1290 996 opera
1328 923 1628 995 quoque
1671 898 1965 968 militari
2005 896 2485 968 laborandum

357 1007 963 1106 serviendumque
1005 999 1421 1106 reipublicae
1467 1020 1642 1079 erat.
1702 1015 1867 1079 Haec
1904 1031 2038 1106 per
2087 1032 2161 1079 se
2205 1009 2479 1106 gravia,

355 1119 757 1217 indigniora
781 1132 864 1189 ut
891 1118 1312 1190 viderentur
1327 1174 1347 1208 ,
1374 1116 1909 1216 tribuniplebis
1931 1119 2290 1190 seditiosis
2317 1145 2482 1190 con·

358 1229 690 1301 cionibus
712 1227 1071 1301 faciebant
1086 1285 1107 1320 ,
1146 1232 1310 1301 ideo
1338 1253 1489 1300 aera
1519 1227 1869 1299 militibus
1898 1234 2275 1299 constituta.
2300 1254 2448 1300 esse
2461 1283 2482 1315 ,

359 1341 727 1438 arguendo
744 1394 764 1428 ‚
827 1356 911 1410 ut
950 1339 1185 1437 plebis
1219 1354 1511 1437 partem
1556 1336 1810 1409 militia
1827 1390 1848 1422 ‚
1892 1354 2177 1435 partem
2223 1338 2486 1409 tributo

357 1453 792 1547 conficerent
810 1477 832 1519 .-
865 1474 1092 1520 unum
1127 1448 1396 1519 bellum
1418 1472 1691 1517 annum
1701 1449 1872 1541 jam
1907 1454 2190 1519 tertium
2217 1447 2482 1539 trakz·³‚

360 1576 432 1629 et
462 1563 780 1632 consulto
819 1557 1015 1630 male
1051 1564 1246 1654 geri,
1303 1573 1385 1626 ut
1415 1557 1679 1628 diutius
1703 1574 1962 1655 gerant
1995 1587 2015 1627 .·
2063 1566 2138 1631 in
2174 1578 2494 1658 quatuor

359 1670 623 1740 deinde
662 1669 850 1740 bella
887 1693 1034 1740 uno
1067 1670 1343 1740 delectu
1377 1676 1732 1741 exercitus
1766 1677 2092 1768 scriptos,
2126 1689 2197 1743 et
2216 1659 2492 1771 pueros

361 1804 653 1876 quoque
671 1804 762 1850 ac
774 1802 972 1849 senes
989 1781 1400 1850 extractos4.
1431 1785 1601 1851 Iam
1619 1803 1767 1850 non
1784 1786 2052 1851 oestatzis
2066 1806 2199 1852 nec
2217 1783 2490 1875 hyemis

360 1889 744 1960 discrimen
786 1914 966 1975 esse,
1006 1915 1099 1959 ne
1138 1889 1293 1961 ulla
1339 1895 1543 1988 quies
1580 1915 1932 1986 umquam
1967 1898 2252 1964 miserae
2278 1895 2495 1991 plebi

361 2004 486 2070 sit:
514 2023 687 2097 quoe
721 2025 915 2071 nunc
946 2005 1160 2070 etiam
1185 2001 1556 2096 vectigalis
1574 1996 1603 2043 ⁵
1631 2002 1738 2071 ad
1766 2000 2097 2073 ultimum
2105 2004 2330 2090 facta
2362 2011 2487 2094 sit,-

363 2126 471 2196 ut,
495 2135 724 2208 quum
744 2114 1071 2204 confecta
1092 2111 1343 2184 labore
1360 2166 1381 2198 ,
1409 2111 1831 2184 vulneribus
1845 2130 2250 2209 ,postremo
2276 2129 2493 2185 aetate

360 2243 668 2317 corpora
693 2221 1057 2292 retulerint
1072 2274 1095 2307 ,
1132 2220 1550 2320 incultaque
1573 2229 1822 2294 omnia
1845 2224 2124 2295 diutino
2152 2225 2489 2297 domino-

362 2353 525 2398 rum
562 2328 915 2400 desiderio
937 2327 970 2374 ⁶
1007 2330 1211 2402 domi
1242 2339 1659 2424 invenerint,
1712 2335 2051 2406 tributum
2088 2361 2186 2406 ex
2208 2337 2492 2430 'affecta

365 2505 553 2563 nior-es,
582 2508 696 2555 vide
719 2508 784 2555 acl
810 2512 864 2568 1,
892 2512 985 2572 43,
1010 2527 1063 2560 ιι.
1091 2527 1140 2560 2.
1172 2539 1243 2549 -—
1275 2515 1380 2562 No·

347 2584 501 2632 „mina
520 2583 672 2642 dare,
697 2586 811 2634 vide
829 2587 964 2648 adl,
997 2605 1087 2650 11,
1112 2607 1161 2638 n.
1195 2593 1239 2639 3.

439 2665 489 2712 3.
511 2665 668 2711 Unum
690 2664 863 2713 bellum
879 2667 1180 2733 annumjam
1194 2669 1385 2717 tertium

364 2742 517 2801 trahi,
543 2759 713 2809 propr.
743 2744 965 2808 quintum
996 2745 1077 2810 (et
1101 2747 1167 2794 ita
1194 2747 1383 2795 emend.

365 2821 687 2888 Glareanus),
711 2823 798 2871 sed
814 2811 1031 2882 tertium,
1055 2842 1155 2889 quo
1172 2825 1385 2890 primum

364 2901 677 2951 hibernacula
684 2903 811 2951 facta
821 2937 834 2962 ,
848 2904 985 2968 quod
995 2903 1137 2970 plebs
1148 2904 1386 2968 indignis-

293 2970 298 2977 ⁹
367 2981 486 3029 sime
511 2982 649 3043 tulit3
678 2983 844 3048 Sigon.
982 2975 989 2985 ¹

439 3068 487 3114 4.
505 3064 688 3109 Pueros
708 3078 901 3126 quoque
918 3079 979 3110 ac
991 3079 1124 3111 senes
1137 3074 1384 3112 extractos

371 3154 434 3185 ex
459 3138 645 3187 aedibus
670 3141 832 3204 quasi,
850 3142 904 3189 in
928 3143 1104 3206 quibus
1128 3143 1360 3191 latuerint
1374 3176 1390 3201 ,

373 3228 423 3265 et
449 3232 511 3263 ex
533 3218 654 3265 urbe
677 3220 731 3266 in
756 3232 936 3279 castra,
962 3223 1040 3270 vel
1063 3223 1249 3271 invitos
1275 3237 1391 3286 pro·

372 3306 556 3345 tractos
582 3307 629 3344 et
656 3299 932 3363 compulsos
958 3300 1022 3348 ad
1045 3302 1295 3360 militiam,
1336 3312 1392 3350 ut

374 3392 520 3441 supra
540 3390 553 3424 :
580 3376 741 3422 coacti
763 3378 962 3425 nomina
986 3379 1121 3427 dare.

446 3455 495 3502 5.
523 3453 780 3518 Vectigalis
817 3455 994 3516 homo,
1037 3474 1123 3505 seu
1152 3460 1392 3523 populus,

374 3534 461 3597 qui
485 3549 577 3598 pro
603 3533 790 3580 ratione
817 3549 989 3581 census
1014 3552 1268 3599 annuaque
1294 3537 1395 3585 fru-

374 3628 490 3676 gum
512 3612 657 3675 copia
682 3623 765 3659 aut
795 3612 965 3674 inopia
991 3614 1218 3662 decumas
1244 3615 1399 3664 aliave

376 3690 629 3754 vectigalia
647 3688 729 3737 dat
741 3724 756 3749 ,
774 3690 853 3737 vel
875 3691 1112 3740 tributum
1129 3693 1330 3757 pendit:
1350 3707 1400 3743 at

374 3769 731 3834 stipendiarius,
746 3769 825 3817 vel
838 3769 1136 3829 tributarius,
1153 3772 1257 3836 qui,
1269 3773 1401 3820 nulia

376 3848 568 3896 illarum
606 3864 768 3896 rerum
798 3849 988 3899 ratione
1022 3849 1188 3898 habita
1220 3863 1401 3900 certam

380 3927 642 3991 quotannis
663 3928 887 3991 pecunIae
907 3944 1142 3977 summam
1164 3930 1314 3978 solvit
1330 3931 1401 3978 lo-

382 4022 444 4054 co
459 4008 646 4055 tributi.
661 4006 793 4054 Hinc
811 4018 861 4055 et
873 4007 999 4055 VIII
1017 4043 1032 4067 ,
1051 4009 1080 4056 8
1092 4042 1107 4068 ‚
1125 4025 1175 4056 n.
1206 4025 1227 4056 1
1245 4042 1259 4067 ‚
1268 4021 1405 4073 post-

385 4101 532 4148 quam
556 4085 1003 4153 stipendiariifacti
1024 4100 1136 4135 sunt
1165 4089 1407 4152 Romani,

1468 2517 1521 2564 h.
1550 2533 1592 2565 e.
1626 2518 1926 2584 stipendium
1963 2522 2215 2571 solverunt
2248 2522 2434 2571 scilicet
2469 2538 2496 2569 e

1470 2595 1672 2660 publico
1687 2631 1703 2656 ,
1742 2615 1827 2646 seu
1851 2601 2046 2660 aerario,
2087 2618 2216 2662 non,
2250 2600 2497 2667 stipendia

1473 2689 1692 2723 meruere
1706 2709 1721 2735 ‚
1769 2677 1856 2724 sed
1897 2695 2127 2743 accepere
2140 2715 2155 2739 ,
2200 2681 2291 2728 etsi
2326 2695 2496 2728 sensus

1474 2752 1650 2800 eodem
1663 2753 1810 2802 redit.
1834 2756 1909 2807 Cf.
1927 2758 2019 2816 IV,
2048 2758 2115 2820 59
2138 2770 2289 2818 extr.;
2312 2759 2495 2807 Duker.

1475 2829 1540 2877 ad
1562 2830 1692 2879 Flor.
1713 2834 1819 2890 111,
1848 2849 1914 2881 ao
1929 2868 1944 2892 ,
1969 2852 2020 2882 n.
2044 2837 2072 2882 8
2101 2835 2216 2901 (uhi
2238 2839 2497 2907 Spartacps

1475 2907 1659 2958 dicitur
1679 2910 2022 2974 stipendiarius
2048 2912 2218 2960 Thr-aa·
2230 2949 2247 2971 ‚
2277 2914 2375 2961 hoc
2400 2925 2472 2961 est
2486 2948 2501 2972 ,

1475 2989 1716 3037 oriundus
1738 3006 1766 3037 e
1783 2989 1990 3039 Thracia
2005 3026 2020 3051 ,
2042 2993 2299 3057 provincia
2321 2993 2503 3058 stipen-

1476 3068 1657 3135 diaria)
1682 3081 1731 3117 et
1753 3071 2120 3136 Inttpp.Veget.
2147 3072 2209 3121 de
2233 3089 2287 3121 re
2316 3072 2418 3121 mil.
2449 3075 2503 3135 Ι,

1485 3151 1580 3208 183
1627 3148 1714 3196 ubi
1754 3165 1857 3197 non
1894 3150 1989 3215 leg.
2025 3150 2374 3221 stipendiariis,
2415 3151 2505 3200 sed

1478 3227 1781 3292 stipendiosis
1812 3228 2067 3288 militibus,
2105 3230 2156 3279 h.
2190 3248 2231 3278 e.
2255 3232 2342 3296 qui
2362 3232 2504 3297 plura

1473 3308 1576 3369 jam
1595 3308 1838 3373 stipendia
1855 3325 2097 3370 meruere3
2123 3310 2253 3359 unde
2271 3311 2504 3359 tironibus

1480 3398 1820 3450 opponuntur.
1849 3388 2032 3437 Confer
2066 3389 2130 3438 ad
2153 3392 2270 3438 Tac.
2292 3391 2427 3437 Ann.
2451 3390 2476 3434 1
2491 3422 2506 3445 ,

1487 3479 1546 3511 11
1566 3499 1581 3524 ‚
1613 3467 1642 3513 8
1661 3480 1678 3527 ;
1703 3477 1752 3514 et
1776 3468 1892 3514 Ern.
1920 3469 2043 3516 clav.
2062 3469 2166 3518 cic.

1555 3544 1605 3591 6.
1630 3544 1831 3592 ὒίαείηο
1851 3545 2157 3594 dominorum
2174 3545 2413 3614 desider-iq
2429 3560 2511 3592 ve·

1486 3632 1630 3669 nuste
1656 3639 1748 3686 pro
1766 3624 1913 3687 longa
1931 3626 2149 3675 absentia
2161 3659 2175 3683 ,
2198 3626 2252 3671 in
2271 3640 2365 3686 qua
2385 3624 2514 3671 desi-

1488 3700 1720 3748 derantur
1735 3718 1764 3748 a
1789 3703 1905 3749 suis.
1919 3730 1992 3739 —
2016 3701 2223 3767 Affictoe
2244 3703 2373 3750 vires
2387 3738 2402 3763 ,
2429 3720 2514 3752 seu

1488 3794 1566 3827 res
1609 3779 1841 3826 dicuntur
1883 3779 2172 3839 debilitate,
2215 3781 2515 3843 imminutae,

1488 3856 1700 3905 afflicte.
1728 3857 1862 3904 Hinc
1896 3856 2101 3923 affectus
2131 3861 2383 3921 XXVIII,
2420 3863 2514 3925 26,

1491 3952 1637 3999 aeger,
1656 3936 1735 3983 vel
1755 3935 2028 3984 imbecillus
2047 3954 2074 3986 e
2091 3940 2227 4002 gravi
2243 3942 2418 3991 morbo
2433 3976 2448 4001 ,
2469 3955 2519 3991 et

1493 4012 1726 4080 affictum
1742 4030 1914 4079 corpus
1936 4017 2114 4077 xxn,
2146 4021 2201 4079 8,
2224 4037 2274 4069 n.
2298 4023 2355 4080 33
2383 4022 2514 4070 vali-

1496 4093 1564 4141 do
1594 4095 1880 4159 opponitur.
1906 4096 2135 4149 Similiter
2157 4100 2376 4163 omnibus
2395 4099 2519 4147 notis
