3000 4717
2286 325 2335 361 A.
2362 322 2408 364 C.
2438 325 2527 370 428.

469 343 558 416 56
1316 348 1389 415 Τ.
1457 345 1732 414 LIVII
2284 382 2335 421 u,
2360 383 2407 422 c,
2439 385 2527 431 ³24.

461 482 945 548 memorantes
965 521 984 556 ,
1015 468 1372 565 siquidem
1391 463 1420 509 ⁵
1445 467 1603 563 cogi
1636 463 1904 561 aliquid
1934 488 2070 560 pro
2101 477 2454 560 potestate
2489 464 2579 535 ab

459 571 758 676 tribuno
789 577 1155 663 consuleS,
1186 591 1259 647 et
1292 576 1468 673 (quo
1498 574 1676 673 quid
1702 574 1997 645 ulterius
2023 577 2298 671 privato
2327 576 2580 646 timen-

462 682 638 753 dum
672 682 941 778 foret?)
984 688 1060 756 in
1099 687 1387 757 vincula
1424 686 1637 756 etiam
1689 684 1858 755 duci
1904 700 2216 781 possent.
2255 688 2460 770 Sors,
2499 699 2581 754 ut

463 791 889 865 dictatorem
924 795 1229 885 diceret,
1263 820 1431 865 nam
1464 820 1558 865 ne
1604 794 1677 864 id
1719 793 2013 890 quidem
2054 796 2244 865 inter
2276 794 2581 893 collegas

462 919 931 993 convenerat,
965 911 1043 976 T.
1091 907 1394 994 Quintio
1434 905 1673 975 evenit
1704 933 1717 973 ε
1761 905 1819 974 is
1853 908 1933 974 A.
1960 906 2408 975 Postumium
2436 910 2581 975 Tu-

458 1010 787 1100 bertum,
841 1038 1172 1086 socerum
1223 1040 1474 1102 suum,
1517 1015 1936 1106 severissimi
1984 1011 2264 1112 imperii
2308 1017 2578 1103 virum,

459 1123 884 1199 dictatorem
920 1125 1135 1195 dixit:
1160 1123 1251 1194 ab
1287 1150 1374 1195 eo
1403 1130 1480 1195 L.
1514 1124 1742 1194 Julius
1769 1126 2105 1221 magister
2125 1126 2451 1221 equitum
2475 1139 2581 1195 est

460 1233 732 1308 dictus:
773 1235 983 1305 simul
1006 1232 1038 1277 ⁶
1075 1235 1379 1306 edicitur
1401 1248 1473 1304 et
1495 1236 1895 1329 justitium:
1935 1261 2173 1332 neque
2207 1236 2400 1314 aliud
2429 1250 2580 1306 tota

457 1341 639 1424 urhe
658 1346 769 1439 agi
791 1400 810 1434 ,
836 1370 1055 1442 quam
1086 1342 1359 1416 bellum
1392 1347 1757 1441 apparari:
1789 1347 2103 1441 cognitio
2129 1356 2152 1399 7
2173 1347 2579 1439 vacantium

457 1454 725 1523 militiae
760 1480 1064 1526 munere
1108 1470 1271 1552 post
1305 1454 1581 1526 bellum
1624 1454 1993 1526 differtur:
2032 1457 2126 1525 ita
2170 1454 2372 1526 dubii
2403 1480 2580 1552 quo-

458 1588 600 1658 que
626 1562 973 1633 inclinant
1000 1564 1089 1634 ad
1112 1568 1407 1636 nomina
1431 1566 1701 1638 danda:
1728 1580 1798 1638 et
1823 1565 2146 1635 Hernicis
2165 1566 2577 1661 Latinisque

458 1676 716 1746 milites
731 1678 1059 1772 imperati
1073 1681 1469 1774 :utrimque
1487 1683 1695 1751 enixe
1712 1680 2086 1752 obeditum
2104 1680 2431 1750 dictatori
2447 1691 2578 1772 est.⁸

550 1791 834 1857 XXVII.
870 1793 1032 1858 Haec
1056 1789 1307 1857 *omnia
1337 1788 1700 1860 celeritate
1741 1793 2013 1887 ingenti
2051 1805 2204 1863 acta
2235 1818 2251 1859 ε
2290 1789 2582 1866 relicto-,

459 1922 602 1994 que
658 1901 733 1967 C.
763 1903 801 1967 J
806 1898 951 1967 ulio
986 1898 1279 1968 consule
1312 1898 1403 1968 ad
1449 1899 1857 1995 praesidium
1900 1901 2143 1985 urbiS,
2179 1913 2249 1970 et
2284 1905 2363 1969 L.
2390 1899 2578 1969 Julio

453 2007 795 2104 magistro
834 2009 1161 2105 equitum
1197 2007 1286 2093 ad
1330 2006 1606 2107 subita¹
1638 2007 1813 2079 belli
1846 2010 2274 2108 ministeria,
2306 2035 2399 2080 ne
2434 2034 2580 2106 qua

1556 2204 1734 2262 bantur
1753 2213 1967 2261 causarii
1977 2213 2093 2278 (VI,
2113 2213 2144 2259 6
2157 2248 2171 2271 ,
2192 2228 2243 2259 n.
2264 2211 2340 2275 4),
2360 2222 2415 2259 ut
2432 2201 2590 2259 nobis'

523 2212 571 2260 5.
607 2212 851 2278 Siquidem
884 2215 995 2280 cogi
1030 2211 1224 2280 aliquid
1254 2203 1468 2263 consules
2093 2283 2098 2288 ὁ

1557 2292 1826 2340 Invaliden.
1849 2294 2032 2341 Confer
2049 2292 2111 2338 de
2129 2289 2350 2337 missione
2367 2290 2578 2336 militum

439 2305 667 2355 possent,
700 2305 754 2341 ut
775 2311 972 2359 rogare,
998 2295 1198 2350 docere,
1217 2295 1469 2357 postulare

448 2371 662 2433 aliquem
687 2371 881 2434 aliquid
887 2392 909 2429 ;
936 2374 1343 2430 Stroth.‚0missa
1377 2387 1468 2434 po-

447 2448 546 2494 tius
572 2464 781 2511 praepos,
810 2450 907 2506 ad,
939 2462 992 2496 ut
1018 2452 1223 2514 passim,
1262 2451 1468 2511 et‘forte

448 2527 593 2573 etiam
607 2526 660 2571 in
674 2526 922 2573 locutione
937 2543 1106 2591 eogere
1124 2529 1345 2575 miliciam
1363 2540 1466 2576 not.

450 2620 479 2650 2
495 2620 510 2660 ;
528 2620 576 2649 v.
597 2605 759 2650 Burm.
789 2604 852 2650 ad
872 2605 1010 2668 Virg.
1033 2609 1141 2653 AEn.
1170 2609 1274 2665 111,
1304 2607 1469 2654 56.—

446 2685 544 2729 Pro
559 2692 825 2744 potestate,
852 2683 962 2730 vide
984 2684 1047 2731 ad
1065 2687 1142 2744 11,
1167 2703 1213 2746 7,
1238 2703 1286 2733 n.
1315 2694 1360 2742 4.

517 2761 565 2812 6.
592 2760 747 2805 Simul
754 2757 964 2808 'edicitur
969 2763 1214 2827 justitium
1227 2800 1244 2821 ‚
1274 2765 1388 2812 vide
1406 2765 1469 2813 ad

445 2841 553 2898 111,
585 2841 640 2898 3,
667 2856 718 2886 n.
753 2855 806 2898 1,
830 2837 878 2888 e‘t
905 2833 1110 2901 XXXI,
1134 2851 1226 2906 49,
1254 2860 1304 2891 11.
1335 2844 1381 2892 5.

517 2936 564 2979 7.
594 2918 815 2983 Cognitio
840 2920 1128 2980 vacantium
1152 2922 1340 2970 militioe
1361 2939 1464 2969 mu-

441 3013 578 3054 nere,
603 3013 875 3057 causarum,
899 3016 986 3047 eur
1008 3003 1117 3062 quis
1137 3001 1269 3048 haud
1292 3017 1464 3048 nomen

438 3075 672 3132 dedisset,
699 3076 775 3122 vel
799 3072 1022 3125 militiam
1045 3069 1384 3135 detrectasset3
1412 3089 1461 3124 v.

437 3154 505 3210 ad
529 3155 632 3211 111,
661 3154 755 3214 69,
782 3170 830 3198 n.
862 3155 914 3201 6.
945 3155 1152 3201 Vae-atio
1177 3155 1364 3202 militiae
1391 3163 1464 3200 est

435 3231 662 3278 liberatio
704 3230 767 3298 ³¹³.
803 3247 857 3278 ea
871 3266 885 3289 ,
924 3241 974 3277 et
1005 3232 1150 3291 justae
1184 3231 1462 3278 vacationis

437 3325 596 3357 causae
617 3321 756 3356 erant
777 3310 851 3356 vel
871 3319 985 3355 aetas
1004 3308 1022 3370 (
1034 3308 1149 3355 vide
1167 3310 1230 3357 ad
1254 3312 1329 3357 III
1342 3344 1356 3368 ,
1378 3310 1461 3369 57,

433 3405 488 3438 n.
516 3389 574 3448 53
595 3390 764 3456 XLII,
791 3389 884 3445 33,
905 3404 956 3434 n.
984 3390 1227 3460 4³3XLII,
1253 3388 1461 3454 34),νοὶ

433 3467 730 3516 heneficium
762 3465 907 3531 (vide
934 3468 1196 3526 XXXIX,
1231 3467 1352 3532 19),
1379 3459 1460 3516 vel

434 3559 646 3610 quatuor
664 3547 840 3594 milites
869 3545 973 3592 dati
997 3539 1142 3608 (vide
1169 3547 1335 3604 XLII,
1366 3550 1458 3607 34,

430 3641 483 3673 11.
509 3628 535 3672 8
548 3624 568 3690 )
580 3611 599 3684 ,Ι
611 3627 689 3673 vel
707 3625 869 3674 honos
882 3660 896 3684 ,
914 3625 1218 3688 magistratus
1237 3636 1285 3673 et
1306 3617 1463 3673 sacerss

432 3703 593 3763 dotia,
612 3705 691 3752 vel
713 3704 910 3753 emerita
928 3702 1172 3767 stipendia
1185 3738 1199 3761 ,
1222 3704 1298 3751 vel
1322 3693 1451 3750 mor-

332 3821 341 3825 -
429 3781 524 3829 hus
536 3783 649 3850 ,yel
664 3783 837 3831 vitium
856 3773 1094 3848 eorporis.
1116 3777 1294 3831 Coloni
1308 3782 1452 3830 etiam

430 3860 661 3906 maritimi
695 3873 1059 3910 sacrosanctam
1098 3861 1250 3925 (vide
1281 3861 1345 3908 ad
1373 3864 1423 3909 ΙΙ
1438 3897 1452 3920 ,

428 3940 486 3995 8,
514 3953 567 3983 n.
600 3936 660 4001 3)
697 3939 1010 3986 vacationem
1047 3939 1335 3987 dicebantur
1373 3935 1453 3987 ha-

422 4017 541 4063 here
554 4017 757 4062 XXVII
771 4051 785 4074 ,
807 4017 889 4062 38.
909 4018 1008 4078 Qui
1028 4017 1094 4064 ob
1108 4020 1290 4077 justam
1310 4019 1454 4067 talem

433 4110 627 4142 oausam
656 4093 895 4140 immunes
930 4106 1066 4141 erant
1099 4096 1299 4155 militia,
1328 4093 1455 4145 dieo-

1557 2372 1620 2420 ad
1640 2373 1766 2431 VII,
1795 2373 1886 2433 39,
1913 2388 1962 2418 n.
1997 2387 2041 2419 1.
2071 2369 2166 2425 sed
2191 2382 2576 2428 nonnunquam,

1557 2452 1686 2514 inpr.
1714 2453 1766 2497 in
1794 2450 2004 2498 tumultu
2031 2447 2052 2511 (
2072 2448 2184 2494 vide
2210 2447 2269 2493 ad
2299 2448 2377 2503 11,
2408 2445 2498 2504 26,
2523 2462 2575 2514 n.

1565 2529 1638 2592 1),
1660 2530 1792 2576 nulla
1814 2529 2080 2576 vacationis
2106 2526 2243 2573 venia
2266 2523 2497 2583 dabatur3
2524 2515 2582 2572 v.

1558 2609 1685 2665 VII,
1712 2610 1777 2655 28
1792 2642 1806 2665 ,
1830 2618 1879 2655 et
1900 2609 2023 2654 VIII
2038 2642 2051 2666 ,
2075 2621 2159 2653 20.
2194 2604 2380 2652 Confer
2406 2603 2576 2666 Sigon.

1558 2699 1657 2735 ant.
1676 2688 1773 2747 jur.
1790 2688 1883 2734 civ.
1904 2689 2047 2751 Rom.
2065 2688 2112 2744 1,
2149 2684 2228 2741 15,
2254 2693 2302 2730 et
2321 2683 2453 2747 Lips.
2473 2682 2575 2729 mil.

1557 2768 1700 2813 Rom.
1730 2768 1780 2823 1,
1802 2774 1858 2825 4;
1878 2782 1904 2812 e
1929 2766 2033 2811 Liv.
2061 2756 2271 2821 XXIII,
2292 2778 2386 2820 203
2415 2749 2573 2815 Cicer.

1557 2843 1681 2891 Phil.
1710 2846 1775 2902 V,
1812 2859 1901 2905 19,
1930 2853 1977 2890 et
2001 2843 2118 2890 Nat.
2146 2843 2379 2888 Deorum.
2408 2841 2492 2898 11,-
2523 2854 2572 2885 α.

1559 2923 1799 2972 Caeterum
1817 2923 1913 2969 alio
1932 2937 2076 2982 sensu
2095 2933 2290 2966 munere
2305 2934 2496 2978 vacare,
2509 2918 2578 2964 di-

1557 3002 1685 3049 citur
1706 3001 1873 3059 XXV,
1906 3016 1953 3059 7,
1978 3016 2027 3052 n.
2059 2999 2103 3046 3.
2133 3001 2252 3045 Haeo
2276 3010 2348 3045 est
2374 2995 2574 3044 vacatio

1557 3095 1804 3124 munerum
1829 3067 2144 3123 castrensium
2169 3077 2244 3122 vel
2271 3092 2475 3142 operum
2505 3075 2573 3121 la-

1554 3156 1826 3217 borumque
1851 3154 2134 3202 militarium
2158 3165 2296 3201 extra
2331 3168 2543 3217 pugnam
2560 3187 2578 3212 ,
2637 3204 2647 3210 ,

1554 3250 1602 3281 v.
1648 3250 1691 3281 e.
1737 3231 2050 3284 excubiarum
2071 3266 2085 3289 ,
2121 3232 2419 3295 vigiliarum,
2461 3231 2576 3277 valli

1552 3311 1772 3358 struendi
1784 3345 1797 3368 ,
1814 3299 2114 3373 lignationis,
2126 3311 2420 3373 aquationis,
2432 3309 2575 3356 fossae

1554 3389 1788 3437 dueendae
1800 3423 1814 3447 ,
1833 3400 1924 3435 etc.
1947 3404 2054 3452 quae
2075 3391 2350 3446 vacationes
2364 3389 2444 3436 vel
2457 3404 2577 3452 prae-

1551 3469 1639 3516 mii
1661 3468 1960 3531 honorisque
1987 3477 2128 3515 causa
2153 3467 2256 3515 dari
2273 3503 2287 3527 ,
2306 3468 2386 3516 vel
2409 3483 2436 3513 a
2463 3459 2575 3514 cen-

1550 3547 1828 3595 turionibus
1863 3547 2070 3611 pecunia
2104 3547 2280 3594 redimi
2321 3544 2575 3604 solebant3

1550 3626 1664 3674 vide
1691 3627 1753 3674 ad
1780 3626 1934 3673 Tacit.
1961 3612 2139 3673 Annal.
2164 3628 2218 3684 Ι,
2253 3640 2331 3684 17,
2362 3624 2409 3671 5.
2547 3615 2552 3619 ’
2625 3625 2630 3626 ’

1617 3707 1736 3754 Cir.
1763 3705 1981 3751 XXVII.
2008 3720 2051 3753 1.
2067 3704 2154 3751 Ad
2167 3703 2328 3749 subita
2353 3701 2467 3749 belli
2487 3701 2576 3748 mi-

1544 3784 1764 3842 nisteria,
1783 3783 1845 3830 ad
1860 3800 1915 3831 ea
1929 3781 2159 3837 curanda,
2176 3795 2303 3843 quae,
2321 3773 2575 3828 incidente

1544 3862 1707 3925 aliquo
1738 3879 1850 3910 casu
1882 3861 2013 3909 haud
2038 3860 2268 3923 proviso,
2296 3859 2569 3907 necessaria

1546 3957 1649 3988 esse
1660 3953 1861 4006 possent
1873 3940 1935 3988 ad
1953 3939 2164 4000 bellum,
2188 3955 2279 3986 zur
2296 3941 2580 4005 Besorgung

1543 4017 2034 4085 unvorhergesehener
2077 4016 2439 4086 Erfhrdemisse
2489 4015 2576 4062 des

1544 4100 1747 4163 Kriegs,·
1774 4095 1957 4144 Stroth.
1987 4093 2130 4144 Conf.
2154 4095 2216 4144 ad
2241 4098 2292 4155 1,
2320 4104 2380 4152 41
2399 4130 2414 4154 ,
2435 4112 2486 4143 11.
2517 4091 2568 4139 5.
