3000 4717
2290 366 2335 403 Α.
2360 361 2407 400 C.
2435 366 2528 405 322.

463 385 601 460 508
1309 386 1387 453 Τ.
1452 385 1636 453 LIV
1651 385 1685 451 I
1699 384 1732 450 I
2289 423 2339 462 U.
2356 425 2406 465 c.
2435 430 2527 473 430.

452 506 697 579 bibitis
742 505 989 602 legatis
1012 501 1064 589 ⁵,
1107 504 1261 602 ipse
1309 506 1580 575 circum
1625 502 1903 574 saucios
1947 499 2206 573 milites
2247 503 2578 580 inserens

450 620 531 688 in
554 616 862 689 tentoria
886 629 1132 712 caput,
1159 615 1514 712 singulos,
1539 628 1621 685 ut
1640 637 1792 685 sese
1812 611 2164 684 haberent
2181 667 2200 700 ,
2226 616 2577 712 rogitans,

452 737 700 801 curam
728 752 980 800 eorum
1013 727 1437 797 nominatim
1467 725 1745 825 legatis,
1780 724 2266 823 tribunisque,
2295 741 2366 796 et
2395 751 2579 824 prae-

452 836 658 916 fectis
688 835 1168 909 demandabat
1196 863 1211 905 :
1246 861 1401 907 rem
1429 860 1562 934 per
1597 861 1672 907 se
1702 831 2174 934 popularem⁶
2200 837 2297 906 ita
2328 837 2580 907 dexter

455 949 634 1053 egit,
683 963 765 1019 ut
787 1000 807 1035 ,
858 946 1237 1020 medendis
1289 946 1756 1045 corporibus,
1813 949 2034 1018 animi
2090 949 2319 1018 multo
2380 949 2576 1044 prius

449 1058 761 1129 militum
811 1059 1226 1155 imperatori
1268 1059 1949 1145 reconciliarentur3
1997 1083 2133 1129 nec
2181 1058 2576 1155 quidquam

452 1169 544 1239 ad
596 1168 1087 1240 salubritatem
1137 1165 1496 1240 efficacius
1546 1167 1763 1241 fuerit
1785 1224 1805 1257 ,
1855 1193 2074 1266 quam
2127 1168 2327 1266 quod
2373 1182 2576 1265 grato

451 1280 695 1350 animo
747 1303 830 1350 ea
886 1303 1056 1350 cura
1112 1294 1405 1377 accepta
1456 1294 1582 1351 est.
1647 1277 1943 1368 Refecto
2000 1281 2318 1351 exercitu
2339 1335 2359 1366 ,
2413 1302 2577 1350 cum

452 1390 661 1461 hoste
717 1413 1143 1487 congressus
1194 1388 1389 1460 haud
1441 1387 1663 1461 dubia
1718 1415 1847 1488 spe
1898 1414 2023 1460 sua
2082 1388 2535 1485 militumque
2560 1441 2578 1472 ,

449 1502 551 1572 ita
583 1492 771 1571 fudit
806 1498 1225 1599 fugavitque
1260 1502 1651 1589 SamniteS,
1680 1515 1762 1572 ut
1799 1499 1918 1572 ille
1955 1500 2252 1571 ultimus
2288 1501 2390 1570 eis
2427 1498 2579 1569 dies

453 1611 881 1682 conserendi
905 1613 1106 1709 signa
1130 1636 1296 1683 cum
1320 1611 1671 1683 dictatore
1699 1608 1936 1683 fuerit.
1967 1613 2265 1683 Incessit
2284 1609 2582 1699 deinde,

458 1746 602 1818 qua
630 1720 838 1791 duxit
867 1721 1124 1819 praedae
1153 1747 1319 1821 spes
1335 1777 1354 1810 ,
1390 1723 1623 1804 victor
1654 1722 2011 1795 exercitus
2029 1778 2048 1809 ,
2088 1721 2580 1820 perlustravit-

457 1855 603 1927 que
661 1830 979 1904 hostium
1037 1857 1286 1932 agros,
1342 1834 1542 1905 nulla
1595 1858 1828 1921 arma,
1878 1833 2150 1905 nullam
2206 1833 2391 1921 vim,
2449 1855 2586 1903 nec

455 1956 809 2039 apertam,
852 1968 987 2014 nec
1015 1944 1323 2030 insidiis,
1355 1957 1712 2042 expertus.
1748 1942 2076 2015 Addebat
2115 1943 2585 2030 alacritatem,

456 2053 655 2150 quod
703 2053 1011 2125 dictator
1050 2054 1362 2152 praedam
1416 2079 1713 2127 omnem
1764 2052 2085 2126 edixerat
2113 2066 2138 2112 ⁷
2179 2052 2529 2125 militibus
2567 2077 2581 2119 :

454 2188 594 2235 nec
621 2166 726 2235 ira
752 2167 977 2263 magis
1004 2166 1328 2263 publica,
1358 2175 1578 2263 qua'm
1600 2161 2006 2264 privatum⁸
2035 2163 2584 2262 compendium,

458 2274 538 2342 in
573 2272 860 2345 hostem
893 2275 1217 2347 acuebat.
1249 2279 1374 2348 His
1405 2276 1732 2349 cladibus
1771 2274 2045 2348 subacti
2080 2275 2426 2346 Samnites
2467 2296 2586 2369 pa-

460 2405 620 2453 cem
660 2408 704 2452 a
744 2385 1095 2456 dictatore
1136 2388 1410 2480 petiere
1443 2414 1459 2455 :
1500 2411 1668 2457 cum
1710 2409 1859 2483 quo
1898 2384 2123 2482 pacti,
2173 2396 2255 2451 ut
2304 2380 2587 2478 singula

453 2494 930 2563 vestimenta9
955 2494 1305 2564 militibus
1343 2510 1415 2565 et
1452 2521 1780 2566 annuum
1815 2492 2252 2593 stipendium
2295 2492 2582 2578 darent,

451 2624 682 2697 quum
716 2602 821 2672 ire
859 2601 951 2674 ad
991 2617 1319 2675 senatum
1349 2605 1530 2700 jussi
1571 2620 1847 2694 essent;
1882 2617 2324 2701 sequuturos
2366 2626 2442 2674 se
2479 2602 2584 2673 di-

452 2792 559 2841 sine
580 2795 810 2844 comitate
834 2807 965 2856 erat;
1008 2797 1140 2845 unde
1176 2798 1475 2846 severitatem

450 2873 681 2922 concitate
698 2874 993 2922 miscendam
1004 2875 1245 2925 sentiebat
1261 2900 1286 2918 υ
1305 2894 1320 2937 ;
1343 2878 1474 2925 Duk.

448 2953 693 3001 severitati
716 2953 1011 3002 miscendam
1036 2955 1312 3002 comitatem
1342 2958 1473 3018 conj.

454 3027 656 3093 Doujat.
838 3015 846 3025 ⁵

523 3110 571 3157 5.
595 3110 840 3158 Adhibita
863 3111 1033 3177 legatis
1049 3110 1195 3174 (vide
1212 3112 1275 3161 ad
1295 3114 1361 3171 V,
1389 3113 1475 3173 25,

451 3205 504 3239 n.
530 3188 607 3253 5),
634 3189 736 3252 ipse
752 3189 932 3237 circum
944 3191 1135 3239 saucios
1156 3191 1351 3249 milites,
1379 3203 1472 3240 etc.

444 3268 619 3316 confer
644 3268 894 3331 Lamprid.
916 3270 968 3316 in
987 3269 1132 3318 Alex.
1160 3272 1341 3318 Severo
1362 3287 1470 3335 cap.

453 3355 516 3408 47
536 3380 551 3405 ,
586 3358 635 3395 et
662 3347 727 3394 ad
748 3350 865 3395 Tac.
891 3349 1024 3395 Anu.
1052 3350 1101 3407 1,
1131 3364 1215 3408 71,
1249 3365 1299 3396 n.
1328 3351 1376 3396 3.
1401 3375 1473 3386 --

448 3424 718 3490 Praefectis,
735 3427 920 3476 scilicet
932 3427 1177 3475 sociorum
1186 3463 1201 3487 ‚
1217 3427 1278 3476 de
1292 3428 1470 3492 quibus

448 3505 565 3553 vide
582 3504 768 3555 adTac.
781 3508 913 3554 Anu.
933 3509 982 3554 11
999 3541 1013 3565 ,
1032 3508 1098 3553 68
1117 3542 1131 3566 ,
1150 3523 1269 3567 n.2;
1292 3507 1470 3573 Polyb.

446 3585 552 3643 vl,
595 3587 688 3644 263
720 3586 853 3649 Lips.
896 3586 1005 3632 Mil.
1040 3601 1163 3633 rom.
1189 3588 1262 3644 11,
1295 3602 1373 3634 10.
1399 3614 1470 3624 —-

445 3664 669 3712 Praefecti
695 3676 832 3711 erant
851 3680 1081 3724 numero,
1107 3666 1240 3725 jure,
1264 3676 1312 3713 et
1333 3677 1470 3731 pote-

445 3753 569 3790 state
590 3743 803 3791 tribunis
816 3744 1026 3792 militum
1042 3760 1209 3808 pares,
1233 3756 1281 3794 et
1302 3744 1469 3792 eadem

448 3823 611 3870 omnia
638 3823 692 3869 in
718 3824 879 3871 socios
908 3824 1232 3888 usurpabant,
1262 3840 1370 3889 quae
1387 3826 1471 3873 isti

447 3897 501 3944 in
525 3901 671 3949 cives.
692 3903 784 3949 En.

518 3977 567 4023 6.
591 3981 706 4026 Rem
715 3997 813 4043 per
834 3997 885 4028 se
896 3983 1189 4045 popularem
1201 4017 1217 4039 ,
1242 3982 1305 4030 ad
1331 3983 1467 4030 favo-

445 4069 547 4101 rem
561 4058 734 4118 populi
742 4059 1010 4119 parandum
1020 4072 1198 4124 aptam,
1211 4062 1283 4108 ita
1297 4061 1469 4110 dexter

444 4133 564 4195 egit,
581 4142 714 4179 tanta
727 4132 1016 4185 dexteritate
1024 4139 1214 4201 peregit
1224 4173 1240 4199 ,
1253 4150 1308 4186 ut
1316 4172 1332 4198 ,
1348 4139 1465 4189 dum

1566 2814 1715 2864 opera
1756 2796 1963 2846 dabatur
1999 2794 2251 2844 medendis
2281 2793 2581 2859 corporibus,

1565 2878 1722 2926 animi
1744 2878 1949 2926 militum
1970 2878 2123 2925 nuelto
2139 2876 2282 2940 prius
2308 2871 2590 2937 imperatori

1564 2956 2007 3011 reconciliarentur,
2031 2971 2177 3017 quam
2197 2969 2361 3001 eorum
2377 2965 2584 3015 corpora

1563 3044 1870 3092 sanarentur-3
1890 3036 2038 3080 Doer.
2050 3059 2117 3069 --
2131 3031 2325 3097 Refecto
2343 3027 2554 3079 exercitu
2562 3063 2579 3086 ,

1561 3115 1675 3162 vide
1697 3112 1760 3160 ad
1789 3113 1892 3170 111,
1917 3126 2006 3169 10,
2034 3127 2086 3158 n.
2117 3127 2166 3174 9.

1637 3209 1682 3254 7.
1715 3190 1861 3254 Quod
1897 3190 2113 3238 dictator
2139 3188 2369 3255 proedam
2397 3203 2584 3236 omnem

1563 3271 1789 3319 edixerat
1804 3305 1820 3327 ,
1866 3269 2117 3326 militibus,
2173 3278 2228 3315 ut
2262 3267 2587 3331 pronuntiare

1559 3350 1704 3398 militi
1708 3349 1922 3413 proemia
1942 3351 2017 3408 11,
2044 3363 2112 3395 no
2135 3357 2260 3394 extr.

1634 3431 1689 3477 8.
1710 3428 1959 3475 Privatum
1979 3424 2340 3490 compendium,
2367 3438 2586 3471 commo-

1561 3508 1696 3566 dum,
1710 3523 1828 3555 usus
1836 3539 1850 3563 ‚
1860 3504 2322 3570 quaestus.—-Caesar
2334 3503 2454 3551 Bell.
2471 3502 2582 3566 gall.

1559 3589 1655 3634 VII
1669 3622 1683 3645 ,
1706 3588 1770 3643 43
1799 3602 1812 3636 :
1838 3586 1974 3651 capti
1995 3582 2277 3648 compendio
2301 3596 2368 3628 ex
2386 3580 2585 3645 direptis

1560 3666 1711 3713 bonis.
1733 3666 1856 3713 Bell.
1882 3665 2014 3712 civil.
2032 3666 2130 3722 111,
2158 3663 2221 3709 32
2257 3674 2271 3708 ε
2289 3671 2475 3724 pra-ter
2498 3660 2588 3706 im·

1548 3756 1755 3809 per-atas
1775 3743 2040 3809 pecunias,
2080 3758 2168 3789 suo
2210 3739 2360 3787 etiam
2385 3738 2583 3801 privato

1558 3823 1843 3888 compendio
1865 3822 2149 3871 serviebant.
2172 3823 2262 3869 En.

1554 3918 1560 3926 ·
1631 3919 1681 3966 9.
1705 3904 1907 3968 Singula
1929 3901 2246 3956 vestimenta,
2276 3909 2369 3947 etc.
2413 3895 2584 3943 confer

1555 3983 1658 4040 IX,
1684 3989 1769 4040 41,
1789 3999 1839 4030 n.
1863 3983 2058 4040 531x,
2078 3981 2141 4037 43
2161 4014 2176 4038 ,
2196 3995 2247 4027 n.
2265 3986 2322 4035 43
2348 3975 2580 4039 Appian-

1555 4061 1699 4126 Hisp.
1743 4070 1804 4120 4²
1842 4074 1892 4111 et
1925 4061 2014 4120 543
2043 4060 2252 4107 Diodor.
2271 4059 2438 4120 Legat.
2462 4054 2577 4101 Exc-

1558 4140 1648 4199 3ο,
1676 4151 1798 4188 tom.
1820 4156 1848 4188 2
1865 4175 1879 4200 ‚
1902 4155 2012 4205 pag.
2035 4140 2167 4200 629,
2190 4137 2268 4186 ed.
2293 4130 2498 4185 wessel-
