3000 4717
2350 332 2401 370 A.
2426 328 2474 369 C.
2498 332 2589 379 1120.

1383 349 1462 418 T.
1526 347 1806 420 LIVII
2350 391 2594 433 uuas„

626 473 809 560 XLI.
844 468 1198 541 Adversus
1209 468 1361 541 haec
1370 472 1743 569 Tempanii
1763 472 1993 542 oratio
2009 482 2032 513 ¹
2052 472 2420 572 incompta
2430 473 2646 548 fuisse

531 583 827 671 dicitur3
853 596 1188 653 caeterum
1218 582 1619 652 militariter
1650 584 1914 678 gravis,
1945 607 2096 653 non
2127 586 2271 654 suis
2298 609 2480 654 vana
2506 585 2649 656 lau·

529 693 745 765 dibus
765 744 784 783 ‚
811 718 963 764 non
999 694 1293 764 crimine
1325 692 1560 763 alieno
1591 692 1783 763 laeta:
1820 695 2108 783 Quanta
2116 693 2520 792 prudentia
2546 701 2666 795 rei*

528 804 806 876 belliece
829 811 904 874 in
924 806 997 874 C.
1010 808 1429 899 Sempronio
1446 818 1655 888 esset,
1672 828 1825 874 non
1845 802 2091 875 militis
2112 805 2205 875 de
2223 811 2650 901 imperatore

532 920 1140 987 existimationem
1160 922 1188 953 ²
1214 938 1395 1000 esse,
1418 913 1553 983 sed
1554 912 1827 1010 populi
1838 920 2126 983 romani
2127 917 2368 1003 fuisse
2380 966 2401 999 ,
2421 938 2649 1010 quum

528 1051 693 1097 eum
727 1030 1023 1096 conu‘tz'z‘s·
1054 1022 1419 1094 consulem
1456 1022 1734 1118 legeret.
1768 1028 2029 1120 Itaque
2060 1049 2152 1095 ne
2181 1024 2282 1093 ab
2314 1048 2391 1095 se
2420 1030 2647 1120 impe-

528 1142 796 1207 ratoria
847 1134 1182 1220 consilia,
1236 1158 1379 1206 neu
1435 1131 1851 1204 consulares
1904 1150 2105 1204 artes*
2153 1139 2641 1230 exquirerent,

531 1271 698 1343 quae
713 1243 1163 1344 pensitanda
1193 1268 1483 1341 quoque
1498 1247 1785 1341 magnis
1809 1250 2070 1315 animis
2104 1260 2323 1341 atque
2355 1250 2649 1340 ingeniis

528 1373 761 1430 essent
768 1387 796 1446 ‚-
812 1356 945 1427 sed
958 1410 979 1443 ‚
1005 1352 1208 1452 quod
1228 1353 1524 1440 viderit,
1555 1354 1815 1444 refiert-e
1826 1377 2050 1450 posse
2070 1379 2090 1421 .·
2112 1351 2375 1423 vidisse
2407 1368 2649 1423 autem

525 1491 602 1537 se
624 1473 863 1565 prius,
903 1490 1123 1561 quam
1146 1535 1151 1544 ,
1174 1464 1274 1533 ab
1317 1470 1470 1535 acie
1490 1497 1495 1506 ·
1516 1462 2128 1549 intercluderetur,
2173 1462 2536 1533 consulem
2572 1468 2653 1533 in

517 1583 763 1673 prima
798 1582 955 1646 acie
967 1590 1425 1672 pugnantem
1444 1628 1465 1661 ‚
1486 1573 1993 1646 adhortantem
2007 1617 2031 1664 1‚·
2069 1579 2252 1644 inter
2288 1580 2491 1670 signa
2540 1597 2649 1644 ro·

527 1712 755 1756 mana
791 1684 1075 1781 telaque
1100 1684 1410 1755 hostium
1445 1703 1901 1756 versantem:
1924 1675 2188 1782 postea
2213 1711 2320 1768 se,
2348 1684 2444 1754 ab
2480 1708 2648 1755 con-

524 1811 770 1894 spectu
797 1819 1094 1866 suorum
1129 1792 1456 1863 ablatum
1468 1846 1490 1878 ‚
1524 1818 1621 1861 ex
1647 1801 1948 1891 strepitu
1976 1810 2216 1864 tamen
2245 1809 2314 1864 et
2338 1792 2650 1864 clamore

525 1901 813 1977 sensisse
831 1959 852 1992 ,
899 1929 1125 2002 usque
1159 1903 1267 1974 ad
1296 1917 1570 1974 noctem
1614 1919 2015 1974 extractum
2060 1921 2422 1975 certamen
2462 1931 2483 1973 .-
2522 1928 2650 1975 nee

528 2014 638 2086 ad
662 2013 1014 2085 tumulum
1032 2069 1052 2100 ,
1070 2038 1283 2111 quem
1310 2019 1456 2110 zPse
1477 2028 1836 2096 tenuerat,
1855 2037 2020 2110 prce
2048 2012 2501 2085 multitudine
2520 2014 2648 2084 ho-

526 2130 738 2195 stium
772 2123 1057 2202 credere
1076 2128 1457 2221 perrumpi
1470 2128 1810 2219 potuisse.
1851 2126 2236 2192 Exercitus
2276 2124 2407 2192 ubi
2433 2136 2650 2212 esset,

525 2260 600 2306 se
655 2241 922 2307 nescire
968 2261 990 2304 .·
1040 2235 1417 2320 arbitrari,
1472 2231 1673 2302 velut
1714 2236 1865 2329 ipse
1909 2237 1983 2301 in
2042 2257 2118 2301 re
2168 2233 2457 2329 trepida
2512 2234 2657 2305 loci

514 2346 872 2441 praesidio
902 2369 978 2414 se
1004 2368 1314 2439 suosque
1350 2348 1440 2412 sit
1471 2356 1771 2426 tutatus,
1799 2346 1900 2412 sic
1924 2364 2143 2412 consu
2151 2338 2288 2410 lem
2318 2343 2660 2413 servandi

524 2458 872 2524 exereitus
911 2477 1135 2522 causa
1181 2450 1340 2523 loca
1373 2458 1635 2532 tutiora
1676 2457 1927 2522 eastris-
1951 2455 2215 2546 cepisse
2246 2476 2267 2519 .·
2299 2474 2429 2521 nec
2477 2454 2554 2517 V
2545 2451 2650 2521 ol-

522 2586 803 2634 scorum
820 2562 1147 2634 meliores
1172 2588 1283 2635 res
1300 2587 1446 2635 esse
1470 2561 1755 2647 credere
1768 2615 1789 2648 ,
1819 2587 2039 2660 quam
2043 2561 2316 2659 populi
2332 2568 2647 2633 romani.-

502 2678 892 2767 fortunam
943 2681 1365 2775 noctemque
1415 2683 1666 2748 omnia
1702 2682 1962 2748 erroris
2007 2667 2258 2748 mutui
2293 2676 2644 2774 implesse.

523 2791 1087 2885 Precantemque
1109 2784 1136 2830 3
1160 2787 1423 2860 deinde
1440 2841 1460 2876 ‚
1488 2812 1583 2858 ne
1617 2812 1691 2859 se
1723 2785 1991 2859 fessum
2017 2784 2266 2857 labore
2300 2811 2380 2858 ac
2406 2785 2650 2857 vulne-

532 349 623 420 80

589 2982 710 3031 Cu’.
732 2986 864 3032 XLI.
889 3001 933 3032 1.
965 2986 1135 3033 Oratio
1156 2986 1426 3050 incompta,
1447 3001 1542 3034 οιτ-
1630 2986 1755 3033 MSS
1772 2984 2033 3050 prorumpi
2052 2961 2276 3042 habent.
2290 2994 2346 3032 ut
2371 2999 2514 3048 supra
2540 2999 2648 3047 cap.

522 3072 671 3108 terum
690 3063 965 3111 militariter
974 3065 1162 3129 gravis,
1187 3065 1318 3112 conf.
1341 3063 1404 3111 ad
1423 3066 1540 3112 Tac.

520 3141 699 3187 Annal.
722 3144 839 3201 XV,
858 3144 944 3202 67,
971 3151 1020 3197 4.
1047 3169 1115 3179 ——
1143 3143 1257 3188 Non
1280 3143 1378 3190 suis
1398 3158 1540 3189 vana

523 3215 773 3276 laudibus,
806 3221 1098 3283 vaniloqua,
1128 3236 1266 3267 vanae
1295 3219 1452 3267 laudis
1491 3232 1542 3268 et

512 3297 796 3355 jactationis
820 3298 1284 3361 plena.—Crimine,
1315 3298 1539 3346 crimina-

527 3374 675 3422 tione.

592 3470 642 3503 2.
680 3454 1105 3502 Existimationem
1133 3454 1231 3520 (al.
1258 3457 1538 3504 aestimatio-

521 3533 665 3599 nem)
686 3549 806 3593 esse,
836 3534 949 3582 vide
968 3534 1031 3583 ad
1052 3535 1127 3581 IV
1129 3570 1146 3596 ‚
1169 3551 1253 3595 20,
1272 3552 1322 3583 n.
1347 3552 1392 3595 7.
1413 3538 1541 3584 Mox

519 3614 648 3662 forte
677 3612 944 3677 legendum'
962 3615 1204 3661 consulem
1242 3615 1427 3680 legisset
1437 3634 1458 3672 ‚·
1490 3625 1540 3662 et

521 3691 698 3739 deinde
717 3693 791 3739 ad
804 3694 1039 3740 tumulum
1051 3729 1068 3750 ,
1100 3709 1241 3757 quem
1262 3694 1361 3758 ipse
1378 3705 1539 3740 tenue-

521 3770 601 3818 rit.
621 3799 688 3806 —
711 3772 830 3832 Quae
847 3772 1163 3836 pensitanda.
1187 3776 1310 3835 Quae
1335 3773 1414 3820 vel
1438 3789 1540 3820 ma-

522 3848 607 3910 gni
645 3849 793 3895 animi
826 3867 1093 3915 magnaque
1128 3853 1324 3915 ingenia
1354 3862 1540 3900 mature

519 3926 665 3972 etiam
680 3928 953 3991 expendere
971 3945 1096 3994 opus
1108 3930 1360 3978 haberent.
1375 3933 1542 3979 En.—

525 4004 725 4050 Credere
752 4009 1005 4072 perrumpi
1032 4008 1249 4072 potuisse
1262 4028 1283 4066 ,·
1316 4008 1442 4057 bene
1473 4011 1541 4058 ita

521 4082 683 4129 ferunt
709 4084 881 4145 priscae
906 4085 1162 4133 editiones.
1183 4088 1415 4136 Attamen
1443 4101 1541 4136 tres

1634 3065 1699 3127 39
1718 3099 1733 3123 ,
1767 3065 1855 3128 qui
1877 3081 2025 3129 quum
2042 3080 2170 3128 soepe
2192 3063 2360 3111 eonati
2376 3062 2651 3127 nequissent

1624 3158 1938 3207 prorumpere
1971 3143 2045 3190 ad
2068 3160 2179 3190 suos
2192 3161 2213 3200 ;
2238 3159 2345 3208 cap.
2376 3144 2442 3189 60
2458 3175 2472 3199 ,
2500 3158 2567 3188 an
2596 3152 2651 3188 tu

1628 3221 1895 3286 cohorsque
1916 3222 1966 3270 in
1985 3207 2148 3269 castr‘a
2166 3234 2333 3269 vestra
2351 3221 2533 3268 virtute
2538 3236 2653 3284 pro-

1627 3301 1869 3364 ruperitis.
1909 3301 2032 3348 Inde
2057 3300 2316 3365 prorumpi
2344 3299 2541 3363 quidam
2567 3299 2651 3346 ad-

1625 3379 1864 3428 miserunt
1879 3395 1892 3428 :
1909 3396 2011 3427 eam
2025 3397 2143 3428 vero
2160 3380 2424 3427 lectionem
2436 3395 2500 3426 ex
2510 3377 2652 3424 libra-

1627 3458 1812 3505 riorum
1835 3475 1997 3507 errore
2018 3470 2180 3506 natam
2201 3475 2303 3506 esse
2323 3458 2454 3508 haud
2480 3457 2651 3503 imme-

1628 3536 1726 3584 rito
1758 3549 1922 3585 censet
1951 3537 2321 3587 Drakenborch.
2348 3538 2464 3583 Vox
2490 3546 2652 3583 autem

1628 3616 1821 3663 credere
1831 3616 1971 3665 abest
1996 3615 2057 3664 ab
2077 3617 2304 3665 omnibus
2332 3614 2476 3662 editis
2490 3648 2504 3671 ‚
2527 3629 2652 3678 quoe

1627 3694 1857 3754 vidimus,
1868 3696 2000 3743 Aldo
2013 3695 2383 3759 antiquioribus.
2394 3695 2444 3739 Is
2452 3691 2652 3755 quidem

1627 3774 1813 3837 primus
1832 3774 2023 3823 addidit
2034 3810 2048 3835 ,
2064 3787 2112 3822 et
2130 3789 2299 3821 omnes
2316 3772 2527 3836 scriptos
2540 3785 2652 3819 cou-

1631 3853 1850 3901 einentes
1868 3853 2031 3901 habet.
2054 3854 2144 3899 En.

1700 3933 1749 3981 3.
1771 3936 2150 3997 Preeantemque
2170 3931 2345 3979 deinde
2363 3967 2375 3979 .
2392 3966 2404 3977 .
2422 3964 2434 3977 .
2453 3965 2465 3976 .
2487 3927 2651 3976 dimis-

1628 4027 1759 4069 sum,
1793 4012 1896 4059 scil.
1930 4011 2118 4076 accipio
2146 4008 2311 4074 (quod
2342 4010 2396 4055 in
2428 4023 2530 4055 uno
2561 4007 2652 4054 MS

1631 4089 1839 4154 Neapol.
1859 4100 1908 4137 et
1926 4088 2215 4154 quibusdam
2236 4088 2348 4139 edd.
2370 4098 2494 4136 antt.
2515 4083 2653 4134 addi-
