3000 4717
470 300 609 381 304
1310 290 1387 356 Τ.
1448 287 1722 356 L1v11
2283 260 2337 361 z:
2365 258 2414 361 {²21
2442 261 2537 376 ἐξὲξ

462 421 655 493 tibus
698 414 936 512 adhuc
977 411 1230 492 animis
1276 407 1664 482 ferociores
1717 403 1809 476 ad
1851 402 2462 504 perseverandum
2510 406 2591 473 in

460 529 656 602 bello
688 525 973 598 faceret.
1005 523 1195 596 Finis
1222 519 1628 592 certaminis
1653 516 1819 603 fuit,
1847 531 2233 615 postquam
2261 517 2589 613 utrisque

463 638 799 738 apparuit
820 690 839 724 ,
876 633 1056 705 nihil
1093 657 1226 731 per
1258 630 1520 701 alteros
1548 643 1768 716 stare,
1807 653 1966 733 quo¹
1995 628 2235 698 minus
2273 627 2591 723 incoepta

465 757 1075 847 persequerentur
1093 751 1145 811 ².
1186 741 1419 810 Latini
1454 737 1761 836 profecti
1797 762 1837 808 a
1869 738 2206 808 societate
2237 737 2429 835 pacis
2450 791 2470 824 ,
2507 751 2593 807 ut

465 857 838 943 rebantur,
873 853 1265 923 inhonestae
1300 873 1452 920 sese
1483 847 2045 919 vindicaverunt.
2089 847 2406 917 Antiates
2422 901 2441 934 ‚
2478 848 2591 916 in-

470 967 870 1041 commodis
904 962 1189 1035 arbitris
1237 961 1659 1032 salutarium
1702 958 2164 1029 consiliorum
2188 954 2216 1000 ³
2257 959 2553 1028 remotis
2574 1010 2594 1045 ,

469 1079 730 1151 urbem
771 1097 1128 1174 agrosque
1160 1071 1498 1145 Romanis
1539 1068 1839 1141 dedunt.
1879 1073 1996 1137 Ira
2029 1082 2100 1138 et
2135 1066 2368 1139 rabies
2399 1070 2597 1139 Lati-

472 1212 773 1276 norum,
810 1186 979 1282 quia
1017 1208 1151 1255 nec
1187 1188 1551 1255 Romanos
1579 1180 1777 1251 bello
1813 1176 2106 1266 laedere,
2143 1201 2278 1249 nec
2295 1179 2595 1250 Volscos

474 1300 553 1370 in
596 1297 810 1369 armis
846 1294 1158 1365 retinere
1202 1304 1625 1391 potuerant,
1671 1314 1761 1361 eo
1802 1290 2076 1387 erupit,
2117 1303 2200 1362 ut
2245 1290 2597 1361 Satricum

478 1408 735 1481 urbem
753 1460 773 1493 ,
810 1430 970 1502 quae
1011 1401 1545 1501 receptaculum
1589 1401 1903 1499 primum
1953 1400 2052 1469 eis
2106 1398 2415 1470 adversae
2459 1425 2600 1497 pu-

479 1545 633 1619 gnae
667 1517 929 1603 fuerat,
962 1515 1109 1610 igni
1143 1526 1724 1584 concremarent:
1754 1535 1887 1581 nec
1920 1508 2113 1581 aliud
2140 1525 2412 1581 tectum
2445 1510 2601 1604 ejus

481 1625 835 1725 superfuit
862 1622 1066 1695 urbis
1097 1622 1366 1719 (quum
1395 1621 1584 1692 faces
1610 1621 1878 1719 pariter
1902 1621 2117 1690 sacris
2139 1617 2600 1717 profanisque

479 1735 920 1835 injicerent),
951 1757 1170 1830 quam
1207 1735 1454 1804 matris
1491 1737 1781 1804 Matutae
1817 1730 2168 1830 templum
2184 1733 2237 1800 4.
2272 1729 2449 1800 Inde
2479 1754 2604 1800 eos

482 1871 620 1919 nec
658 1871 787 1918 sua
828 1844 1083 1942 religio
1101 1897 1120 1931 ,
1157 1868 1292 1913 nec
1327 1841 1763 1914 verecundia
1805 1841 2024 1913 deum
2069 1842 2381 1912 arcuisse
2427 1841 2601 1912 dici·-

395 2027 400 2038 ,
483 1972 629 2046 tur,
682 1958 809 2029 sed
860 1979 1005 2025 vox
1055 1952 1455 2040 horrenda,
1500 1952 1691 2023 edita
1746 1951 2019 2047 templo
2064 1975 2232 2021 cum
2283 1949 2607 2022 tristibus

484 2070 730 2156 minis,
763 2069 839 2137 ni
876 2063 1227 2137 nefandos
1262 2065 1465 2161 ignes
1499 2061 1756 2158 procul
1793 2060 2113 2132 delubris
2151 2065 2601 2134 amovissent.

485 2185 824 2251 Incensos
865 2200 945 2248 ea
989 2174 1188 2245 rabie
1228 2174 1539 2269 impetus
1569 2171 1959 2241 Tusculum
1999 2172 2198 2258 tulit,
2242 2172 2341 2242 ob
2387 2175 2565 2245 iram
2586 2226 2607 2262 ‚

489 2287 725 2385 quod,
764 2285 1050 2356 deserto
1091 2281 1458 2353 communi
1494 2280 1802 2351 concilio
1842 2282 2263 2354 Latinorum
2282 2336 2302 2368 ‚
2344 2308 2499 2357 non
2534 2285 2609 2353 in

487 2399 901 2469 societatem
948 2392 1169 2463 modo
1216 2415 1590 2462 romanam
1611 2445 1629 2476 ‚
1669 2392 1796 2462 sed
1841 2393 2053 2464 etiam
2096 2394 2172 2462 in
2216 2395 2610 2480 civitatem,

488 2531 563 2576 se
602 2503 987 2574 dedissent.
1027 2498 1438 2571 Patentibus
1482 2502 1711 2599 portis
1749 2527 1979 2600 quum
2018 2504 2409 2601 improviso
2442 2505 2614 2575 inci·

488 2614 757 2684 dissent
780 2666 800 2699 ,
845 2611 1082 2710 primo
1128 2611 1440 2682 clamore
1489 2610 1843 2710 oppidum
1896 2627 2157 2711 praeter
2210 2637 2443 2684 arcem
2492 2638 2610 2683 ca-

488 2738 697 2823 ptum
726 2738 852 2794 est.
890 2728 975 2794 In
996 2746 1237 2792 arcem
1262 2722 1610 2819 oppidani
1636 2721 1966 2821 'refugere
1995 2748 2159 2795 cum
2185 2723 2616 2821 conjugibus

492 2859 572 2906 ac
609 2834 887 2923 liberis,
921 2834 1361 2930 nuntiosque
1404 2837 1741 2923 Romam,
1776 2835 1903 2931 qui
1933 2836 2312 2905 certiorem
2354 2834 2443 2905 de
2481 2860 2615 2906 suo

565 3039 615 3070 2.
639 3024 904 3086 Postquam
931 3019 1144 3083 utrisque
1173 3019 1434 3083 apparuit,
1460 3020 1515 3066 in
1675 3021 1723 3067 3.
1760 3022 2084 3070 Incommodis
2119 3023 2338 3080 arbitriis,
2388 3024 2619 3083 testibus,

495 3102 665 3149 oculos
682 3100 911 3158 incurrit,
930 3111 1238 3165 perspectum
1252 3110 1323 3147 est
1334 3133 1349 3156 ,
1366 3098 1511 3155 nihil,
1603 3098 1891 3146 salutarium
1910 3101 2216 3149 consiliorum
2229 3104 2420 3151 remotis
2431 3139 2446 3161 ,
2468 3121 2621 3167 quum

498 3180 781 3241 neutiquam
792 3214 805 3235 ,
814 3194 909 3243 per
925 3178 1103 3225 alteros
1116 3190 1268 3233 stare,
1297 3177 1517 3225 neutrius
1605 3178 1853 3236 abessent,
1876 3196 1962 3228 seu
1981 3181 2311 3231 discessissent
2329 3184 2488 3231 Latini
2500 3218 2515 3243 ‚
2533 3186 2623 3248 qui

498 3259 650 3325 partis
674 3258 865 3321 culpam
885 3273 1013 3314 esse,
1038 3272 1065 3303 a
1088 3268 1257 3304 neutra
1274 3267 1410 3320 parte
1429 3256 1519 3302 im·
1609 3273 1780 3321 parum
1795 3262 2049 3308 commode
2066 3262 2353 3310 salutaribus
2366 3264 2467 3311 suis
2477 3265 2625 3311 inter-

499 3337 657 3404 pediri
677 3338 874 3384 alteram
886 3370 900 3394 ,
918 3351 1015 3398 quo
1034 3334 1188 3381 minus
1202 3335 1524 3398 incoeptaper-
1610 3337 1814 3385 fuissent
1835 3339 2051 3387 consiliis
2085 3358 2236 3404 eaque
2260 3342 2594 3406 impediissent
2608 3378 2625 3403 ‚

500 3427 804 3480 sequentum
837 3426 1092 3476 utramque
1127 3425 1311 3478 partem
1348 3431 1437 3477 per
1470 3432 1524 3462 se
1612 3427 1661 3464 et
1681 3416 1777 3482 ipsi
1799 3433 1930 3466 nunc
1967 3419 2074 3466 sine
2105 3421 2298 3468 arbitris
2330 3422 2408 3469 vel
2431 3421 2626 3470 remotis

502 3511 643 3561 agere
670 3505 719 3542 et
758 3493 911 3539 solam
952 3492 1156 3539 consilia
1201 3509 1288 3540 sua
1326 3495 1525 3557 exsequi
1612 3496 1808 3544 arbitris
1826 3496 2060 3561 (testibus
2073 3511 2122 3546 et
2138 3501 2372 3558 consciis,
2394 3512 2448 3548 ut
2465 3504 2515 3559 1,
2529 3516 2557 3547 2
2570 3515 2591 3547 1
2610 3518 2631 3560 ς

503 3591 663 3641 posse.
688 3572 833 3622 Conf.
851 3571 910 3618 ad
931 3573 1004 3629 11,
1036 3572 1119 3628 31,
1145 3588 1197 3618 n.
1220 3588 1266 3631 7.
1281 3572 1526 3620 ——Lcm‘ni
1610 3576 1686 3633 11,
1708 3577 1962 3633 43XXIL
1984 3578 2079 3636 60;
2097 3580 2265 3637 XXV,
2283 3581 2625 3639 303xxvl1,

493 3653 706 3720 profecti
726 3652 788 3700 ab
810 3651 965 3700 Antio
991 3651 1054 3698 ad
1078 3650 1286 3709 bellum,
1313 3668 1347 3698 a
1372 3652 1521 3699 socie·
1610 3654 1704 3712 28;
1731 3656 1959 3703 xxxtx
1972 3691 1987 3715 ‚
2016 3672 2037 3702 1
2052 3672 2073 3703 1
2089 3657 2108 3722 )
2124 3691 2139 3716 ‚
2156 3657 2253 3706 hoc
2270 3670 2343 3707 est
2358 3660 2451 3707 soli
2469 3670 2519 3707 et
2536 3675 2631 3707 suo

503 3745 605 3781 tate
614 3732 758 3797 pacis
773 3766 786 3778 .
800 3766 814 3779 .
830 3764 843 3777 .
858 3746 958 3778 sese
982 3729 1376 3788 vindicaverunt,
1405 3731 1525 3780 libe·
1610 3732 1844 3781 arbitratu
1882 3735 2086 3782 consilia
2121 3738 2302 3800 agitare
2343 3749 2393 3786 et
2430 3739 2633 3802 exsequi

505 3823 701 3870 rarunt,
725 3811 822 3858 hoc
854 3820 950 3867 est,
991 3809 1193 3857 consilia
1223 3810 1357 3874 pacis
1391 3809 1528 3857 inho-
1615 3822 1830 3875 possent.
1854 3814 1929 3862 cf.
1948 3818 1972 3863 1
1986 3848 2001 3871 ‚
2023 3822 2084 3869 41
2101 3849 2116 3873 ‚
2136 3832 2189 3862 n.
2207 3831 2256 3863 α.
2270 3821 2637 3883 -Agrosque5

505 3901 679 3946 nescoe,
718 3906 830 3937 eum
863 3891 1096 3936 Romanis
1126 3888 1351 3936 ineundae
1368 3923 1383 3947 ‚
1419 3905 1528 3952 quae
1615 3906 1882 3955 agrumque
1895 3894 2094 3941 Gaertn.
2108 3895 2245 3943 male.
2265 3897 2344 3944 cf.
2360 3899 2410 3954 1,
2437 3899 2521 3944 38.
2538 3898 2634 3945 En.

511 3967 735 4014 Antiates
757 3967 1026 4029 agitabant,
1054 3966 1393 4028 repudiarunt,
1429 3968 1529 4015 his·
1693 3978 1741 4024 4.
1761 3972 1937 4018 Matris
1949 3974 2158 4021 Maeutae
2178 3976 2428 4038 templum,
2445 3975 2558 4023 vide
2570 3974 2637 4022 ul

513 4058 606 4106 que
628 4043 964 4092 renuntiarunt
989 4043 1283 4091 societatem.
1619 4048 1682 4104 V,
1707 4062 1798 4108 19,
1824 4064 1872 4095 n.
1894 4050 1943 4096 6.
2178 4070 2185 4079 ·
