<?xml version="1.0" encoding="UTF-8"?>
<!DOCTYPE html PUBLIC "-//W3C//DTD XHTML 1.0 Transitional//EN"
    "http://www.w3.org/TR/xhtml1/DTD/xhtml1-transitional.dtd">
<html xmlns="http://www.w3.org/1999/xhtml" xml:lang="en" lang="en">
 <head>
  <title>
</title>
<meta http-equiv="Content-Type" content="text/html;charset=utf-8" />
  <meta name='ocr-system' content='tesseract 3.04.00' />
  <meta name='ocr-capabilities' content='ocr_page ocr_carea ocr_par ocr_line ocrx_word'/>
</head>
<body>
  <div class='ocr_page' id='page_1' title='image "./titusliviuspata00unkngoog_0186.png"; bbox 0 0 3000 4717; ppageno 0'>
   <div class='ocr_carea' id='block_1_1' title="bbox 477 388 2621 3058">
    <p class='ocr_par' dir='ltr' id='par_1_1' title="bbox 488 388 2621 1598">
     <span class='ocr_line' id='line_1_1' title="bbox 506 388 2560 489; baseline -0.004 -5"><span class='ocrx_word' id='word_1_1' title='bbox 506 406 634 484; x_wconf 78' lang='lat'><em>182</em></span> <span class='ocrx_word' id='word_1_2' title='bbox 1342 413 1419 477; x_wconf 90' lang='lat' dir='ltr'><em>T.</em></span> <span class='ocrx_word' id='word_1_3' title='bbox 1484 408 1763 477; x_wconf 82' lang='lat' dir='ltr'>L1v11</span> <span class='ocrx_word' id='word_1_4' title='bbox 2318 388 2440 488; x_wconf 58' lang='lat'><em>3:231</em></span> <span class='ocrx_word' id='word_1_5' title='bbox 2464 388 2560 489; x_wconf 65' lang='lat'><em>{2⁸33</em></span> 
     </span>
     <span class='ocr_line' id='line_1_2' title="bbox 496 525 2614 630; baseline -0.001 -27"><span class='ocrx_word' id='word_1_6' title='bbox 496 528 940 630; x_wconf 73' lang='lat' dir='ltr'><em>intelligeret,</em></span> <span class='ocrx_word' id='word_1_7' title='bbox 965 555 1043 601; x_wconf 89' lang='lat' dir='ltr'><em>se</em></span> <span class='ocrx_word' id='word_1_8' title='bbox 1046 552 1283 629; x_wconf 81' lang='lat' dir='ltr'><em>pravo</em></span> <span class='ocrx_word' id='word_1_9' title='bbox 1288 530 1577 624; x_wconf 81' lang='lat' dir='ltr'><em>judicio</em></span> <span class='ocrx_word' id='word_1_10' title='bbox 1604 528 1696 598; x_wconf 88' lang='lat' dir='ltr'><em>de</em></span> <span class='ocrx_word' id='word_1_11' title='bbox 1723 525 2025 596; x_wconf 83' lang='lat' dir='ltr'><em>tribunis</em></span> <span class='ocrx_word' id='word_1_12' title='bbox 2044 531 2614 599; x_wconf 75' lang='lat' dir='ltr'><em>intercessionem</em></span> 
     </span>
     <span class='ocr_line' id='line_1_3' title="bbox 492 635 2612 735; baseline -0.004 -19"><span class='ocrx_word' id='word_1_13' title='bbox 492 642 890 725; x_wconf 85' lang='lat' dir='ltr'><em>sustulisse,·</em></span> <span class='ocrx_word' id='word_1_14' title='bbox 928 645 1424 713; x_wconf 78' lang='lat' dir='ltr'><em>intercessione</em></span> <span class='ocrx_word' id='word_1_15' title='bbox 1459 637 1744 709; x_wconf 86' lang='lat' dir='ltr'><em>sublata</em></span> <span class='ocrx_word' id='word_1_16' title='bbox 1761 692 1782 724; x_wconf 97' lang='lat'><em>,</em></span> <span class='ocrx_word' id='word_1_17' title='bbox 1821 635 2261 708; x_wconf 79' lang='lat' dir='ltr'><em>tribunitiam</em></span> <span class='ocrx_word' id='word_1_18' title='bbox 2290 654 2612 735; x_wconf 86' lang='lat' dir='ltr'><em>potesta-</em></span> 
     </span>
     <span class='ocr_line' id='line_1_4' title="bbox 495 750 2614 847; baseline -0.003 -20"><span class='ocrx_word' id='word_1_19' title='bbox 495 773 635 827; x_wconf 84' lang='lat' dir='ltr'><em>tem</em></span> <span class='ocrx_word' id='word_1_20' title='bbox 685 761 1025 826; x_wconf 74' lang='lat' dir='ltr'><em>evertisse.</em></span> <span class='ocrx_word' id='word_1_21' title='bbox 1074 759 1273 827; x_wconf 86' lang='lat' dir='ltr'><em>Nam</em></span> <span class='ocrx_word' id='word_1_22' title='bbox 1287 807 1308 838; x_wconf 89' lang='lat'><em>,</em></span> <span class='ocrx_word' id='word_1_23' title='bbox 1350 751 1559 847; x_wconf 84' lang='lat' dir='ltr'><em>quod</em></span> <span class='ocrx_word' id='word_1_24' title='bbox 1599 750 1704 822; x_wconf 86' lang='lat' dir='ltr'><em>illi</em></span> <span class='ocrx_word' id='word_1_25' title='bbox 1744 764 2149 846; x_wconf 81' lang='lat' dir='ltr'><em>sperarent,</em></span> <span class='ocrx_word' id='word_1_26' title='bbox 2186 751 2614 841; x_wconf 65' lang='lat' dir='ltr'><em>‹effi-enatam</em></span> 
     </span>
     <span class='ocr_line' id='line_1_5' title="bbox 493 861 2621 961; baseline -0.002 -25"><span class='ocrx_word' id='word_1_27' title='bbox 493 865 855 938; x_wconf 85' lang='lat' dir='ltr'><em>licentiam</em></span> <span class='ocrx_word' id='word_1_28' title='bbox 884 867 1039 960; x_wconf 83' lang='lat' dir='ltr'><em>ejus</em></span> <span class='ocrx_word' id='word_1_29' title='bbox 1065 869 1524 961; x_wconf 80' lang='lat' dir='ltr'><em>magistratus</em></span> <span class='ocrx_word' id='word_1_30' title='bbox 1553 868 1803 932; x_wconf 86' lang='lat' dir='ltr'><em>Patres</em></span> <span class='ocrx_word' id='word_1_31' title='bbox 1837 861 2140 946; x_wconf 82' lang='lat' dir='ltr'><em>laturos,</em></span> <span class='ocrx_word' id='word_1_32' title='bbox 2149 861 2341 953; x_wconf 86' lang='lat' dir='ltr'><em>falli</em></span> <span class='ocrx_word' id='word_1_33' title='bbox 2367 886 2507 932; x_wconf 90' lang='lat' dir='ltr'><em>eos.</em></span> <span class='ocrx_word' id='word_1_34' title='bbox 2540 867 2621 933; x_wconf 85' lang='lat' dir='ltr'><em>Si</em></span> 
     </span>
     <span class='ocr_line' id='line_1_6' title="bbox 490 970 2621 1068; baseline -0.001 -24"><span class='ocrx_word' id='word_1_35' title='bbox 490 975 863 1046; x_wconf 85' lang='lat' dir='ltr'><em>tribunitia</em></span> <span class='ocrx_word' id='word_1_36' title='bbox 899 980 1010 1044; x_wconf 77' lang='lat' dir='ltr'><em>vis</em></span> <span class='ocrx_word' id='word_1_37' title='bbox 1045 974 1409 1043; x_wconf 86' lang='lat' dir='ltr'><em>tribunitio</em></span> <span class='ocrx_word' id='word_1_38' title='bbox 1443 970 1727 1042; x_wconf 73' lang='lat' dir='ltr'><em>auxilio</em></span> <span class='ocrx_word' id='word_1_39' title='bbox 1761 970 2013 1067; x_wconf 81' lang='lat' dir='ltr'><em>repelli</em></span> <span class='ocrx_word' id='word_1_40' title='bbox 2035 989 2378 1068; x_wconf 83' lang='lat' dir='ltr'><em>nequeat,</em></span> <span class='ocrx_word' id='word_1_41' title='bbox 2410 972 2621 1043; x_wconf 85' lang='lat' dir='ltr'><em>aliud</em></span> 
     </span>
     <span class='ocr_line' id='line_1_7' title="bbox 493 1075 2614 1180; baseline -0 -26"><span class='ocrx_word' id='word_1_42' title='bbox 493 1085 717 1156; x_wconf 81' lang='lat' dir='ltr'><em>telum</em></span> <span class='ocrx_word' id='word_1_43' title='bbox 749 1090 1002 1157; x_wconf 89' lang='lat' dir='ltr'><em>Patres</em></span> <span class='ocrx_word' id='word_1_44' title='bbox 1036 1090 1442 1177; x_wconf 55' lang='lat' dir='ltr'><em>inventuros</em></span> <span class='ocrx_word' id='word_1_45' title='bbox 1478 1075 1700 1152; x_wconf 71' lang='lat' dir='ltr'><em>esse3.</em></span> <span class='ocrx_word' id='word_1_46' title='bbox 1747 1082 2246 1179; x_wconf 74' lang='lat' dir='ltr'><em>consulesque</em></span> <span class='ocrx_word' id='word_1_47' title='bbox 2285 1085 2614 1180; x_wconf 87' lang='lat' dir='ltr'><em>increpa-</em></span> 
     </span>
     <span class='ocr_line' id='line_1_8' title="bbox 488 1190 2615 1293; baseline -0 -28"><span class='ocrx_word' id='word_1_48' title='bbox 488 1193 650 1284; x_wconf 85' lang='lat' dir='ltr'><em>bat,</em></span> <span class='ocrx_word' id='word_1_49' title='bbox 689 1193 891 1293; x_wconf 91' lang='lat' dir='ltr'><em>quod</em></span> <span class='ocrx_word' id='word_1_50' title='bbox 919 1193 1065 1263; x_wconf 77' lang='lat' dir='ltr'><em>fide</em></span> <span class='ocrx_word' id='word_1_51' title='bbox 1094 1192 1385 1290; x_wconf 87' lang='lat' dir='ltr'><em>publica</em></span> <span class='ocrx_word' id='word_1_52' title='bbox 1412 1192 1648 1290; x_wconf 86' lang='lat' dir='ltr'><em>decipi</em></span> <span class='ocrx_word' id='word_1_53' title='bbox 1676 1190 2010 1262; x_wconf 81' lang='lat' dir='ltr'><em>tribunos</em></span> <span class='ocrx_word' id='word_1_54' title='bbox 2045 1218 2169 1265; x_wconf 89' lang='lat' dir='ltr'><em>eos</em></span> <span class='ocrx_word' id='word_1_55' title='bbox 2199 1195 2396 1264; x_wconf 84' lang='lat' dir='ltr'><em>taciti</em></span> <span class='ocrx_word' id='word_1_56' title='bbox 2424 1194 2615 1264; x_wconf 83' lang='lat' dir='ltr'><em>tulis-</em></span> 
     </span>
     <span class='ocr_line' id='line_1_9' title="bbox 493 1305 2613 1403; baseline -0.001 -26"><span class='ocrx_word' id='word_1_57' title='bbox 493 1316 689 1391; x_wconf 86' lang='lat' dir='ltr'><em>sent,</em></span> <span class='ocrx_word' id='word_1_58' title='bbox 725 1307 854 1403; x_wconf 92' lang='lat' dir='ltr'><em>qui</em></span> <span class='ocrx_word' id='word_1_59' title='bbox 897 1317 1187 1376; x_wconf 86' lang='lat' dir='ltr'><em>senatus</em></span> <span class='ocrx_word' id='word_1_60' title='bbox 1241 1305 1744 1374; x_wconf 85' lang='lat' dir='ltr'><em>auctoritatem</em></span> <span class='ocrx_word' id='word_1_61' title='bbox 1797 1306 2088 1401; x_wconf 87' lang='lat' dir='ltr'><em>sequuti</em></span> <span class='ocrx_word' id='word_1_62' title='bbox 2132 1318 2389 1375; x_wconf 84' lang='lat' dir='ltr'><em>essent.</em></span> <span class='ocrx_word' id='word_1_63' title='bbox 2447 1311 2613 1374; x_wconf 83' lang='lat' dir='ltr'><em>Haec</em></span> 
     </span>
     <span class='ocr_line' id='line_1_10' title="bbox 489 1414 2613 1514; baseline 0.001 -28"><span class='ocrx_word' id='word_1_64' title='bbox 489 1417 866 1514; x_wconf 83' lang='lat' dir='ltr'><em>propalam</em></span> <span class='ocrx_word' id='word_1_65' title='bbox 896 1415 1545 1487; x_wconf 84' lang='lat' dir='ltr'><em>concionabundus</em></span> <span class='ocrx_word' id='word_1_66' title='bbox 1580 1414 1656 1485; x_wconf 88' lang='lat' dir='ltr'><em>in</em></span> <span class='ocrx_word' id='word_1_67' title='bbox 1698 1415 1849 1486; x_wconf 88' lang='lat' dir='ltr'><em>dies</em></span> <span class='ocrx_word' id='word_1_68' title='bbox 1883 1417 2107 1514; x_wconf 87' lang='lat' dir='ltr'><em>magis</em></span> <span class='ocrx_word' id='word_1_69' title='bbox 2140 1416 2445 1514; x_wconf 81' lang='lat' dir='ltr'><em>augebat</em></span> <span class='ocrx_word' id='word_1_70' title='bbox 2476 1418 2613 1488; x_wconf 77' lang='lat' dir='ltr'><em>iras</em></span> 
     </span>
     <span class='ocr_line' id='line_1_11' title="bbox 488 1527 893 1598; baseline -0.005 0"><span class='ocrx_word' id='word_1_71' title='bbox 488 1527 893 1598; x_wconf 87' lang='lat' dir='ltr'><em>hominum.</em></span> 
     </span>
    </p>

    <p class='ocr_par' dir='ltr' id='par_1_2' title="bbox 477 1634 2616 3058">
     <span class='ocr_line' id='line_1_12' title="bbox 587 1634 2614 1734; baseline -0.001 -28"><span class='ocrx_word' id='word_1_72' title='bbox 587 1640 809 1706; x_wconf 83' lang='lat' dir='ltr'><em>XXX.</em></span> <span class='ocrx_word' id='word_1_73' title='bbox 844 1639 1185 1705; x_wconf 86' lang='lat' dir='ltr'><em>Senatum</em></span> <span class='ocrx_word' id='word_1_74' title='bbox 1218 1659 1392 1703; x_wconf 85' lang='lat' dir='ltr'><em>vero</em></span> <span class='ocrx_word' id='word_1_75' title='bbox 1419 1637 1720 1708; x_wconf 84' lang='lat' dir='ltr'><em>incitare</em></span> <span class='ocrx_word' id='word_1_76' title='bbox 1747 1637 2085 1708; x_wconf 85' lang='lat' dir='ltr'><em>adversus</em></span> <span class='ocrx_word' id='word_1_77' title='bbox 2114 1637 2346 1734; x_wconf 88' lang='lat' dir='ltr'><em>legem</em></span> <span class='ocrx_word' id='word_1_78' title='bbox 2365 1647 2386 1677; x_wconf 88' lang='lat'>¹</span> <span class='ocrx_word' id='word_1_79' title='bbox 2418 1634 2614 1706; x_wconf 88' lang='lat' dir='ltr'><em>haud</em></span> 
     </span>
     <span class='ocr_line' id='line_1_13' title="bbox 491 1742 2613 1843; baseline 0 -29"><span class='ocrx_word' id='word_1_80' title='bbox 491 1743 879 1814; x_wconf 85' lang='lat' dir='ltr'><em>desistebat</em></span> <span class='ocrx_word' id='word_1_81' title='bbox 926 1772 940 1812; x_wconf 73' lang='grc' dir='ltr'>ε</span> <span class='ocrx_word' id='word_1_82' title='bbox 991 1769 1081 1813; x_wconf 92' lang='lat' dir='ltr'><em>ne</em></span> <span class='ocrx_word' id='word_1_83' title='bbox 1130 1742 1341 1812; x_wconf 88' lang='lat' dir='ltr'><em>aliter</em></span> <span class='ocrx_word' id='word_1_84' title='bbox 1380 1745 1895 1817; x_wconf 82' lang='lat' dir='ltr'><em>descenderent</em></span> <span class='ocrx_word' id='word_1_85' title='bbox 1929 1754 2000 1815; x_wconf 90' lang='lat' dir='ltr'><em>in</em></span> <span class='ocrx_word' id='word_1_86' title='bbox 2030 1750 2330 1837; x_wconf 81' lang='lat' dir='ltr'><em>forum,</em></span> <span class='ocrx_word' id='word_1_87' title='bbox 2385 1770 2613 1843; x_wconf 80' lang='lat' dir='ltr'><em>quam</em></span> 
     </span>
     <span class='ocr_line' id='line_1_14' title="bbox 490 1850 2607 1954; baseline 0.001 -31"><span class='ocrx_word' id='word_1_88' title='bbox 490 1850 988 1945; x_wconf 68' lang='lat' dir='ltr'><em>dz&#39;esfirendoe</em></span> <span class='ocrx_word' id='word_1_89' title='bbox 1024 1853 1192 1950; x_wconf 78' lang='lat' dir='ltr'><em>legis</em></span> <span class='ocrx_word' id='word_1_90' title='bbox 1215 1860 1550 1954; x_wconf 53' lang='lat' dir='ltr'><em>venisset,</em></span> <span class='ocrx_word' id='word_1_91' title='bbox 1589 1881 1813 1953; x_wconf 84' lang='lat' dir='ltr'><em>quam</em></span> <span class='ocrx_word' id='word_1_92' title='bbox 1845 1871 1926 1927; x_wconf 86' lang='lat' dir='ltr'><em>ut</em></span> <span class='ocrx_word' id='word_1_93' title='bbox 1944 1865 2075 1954; x_wconf 80' lang='lat' dir='ltr'><em>qui</em></span> <span class='ocrx_word' id='word_1_94' title='bbox 2098 1862 2607 1939; x_wconf 80' lang='lat' dir='ltr'><em>meminissent,</em></span> 
     </span>
     <span class='ocr_line' id='line_1_15' title="bbox 491 1964 2613 2065; baseline 0.001 -30"><span class='ocrx_word' id='word_1_95' title='bbox 491 1964 634 2036; x_wconf 86' lang='lat' dir='ltr'><em>sibi</em></span> <span class='ocrx_word' id='word_1_96' title='bbox 646 1990 792 2065; x_wconf 84' lang='lat' dir='ltr'><em>pro</em></span> <span class='ocrx_word' id='word_1_97' title='bbox 831 1971 978 2037; x_wconf 85' lang='lat' dir='ltr'><em>aris</em></span> <span class='ocrx_word' id='word_1_98' title='bbox 980 1966 1324 2063; x_wconf 84' lang='lat' dir='ltr'><em>focisque</em></span> <span class='ocrx_word' id='word_1_99' title='bbox 1340 1976 1367 2006; x_wconf 80' lang='lat'><em>2</em></span> <span class='ocrx_word' id='word_1_100' title='bbox 1401 1982 1470 2034; x_wconf 93' lang='lat' dir='ltr'><em>et</em></span> <span class='ocrx_word' id='word_1_101' title='bbox 1489 1967 1703 2036; x_wconf 81' lang='lat' dir='ltr'><em>deam</em></span> <span class='ocrx_word' id='word_1_102' title='bbox 1724 1967 2004 2064; x_wconf 81' lang='lat' dir='ltr'><em>templis</em></span> <span class='ocrx_word' id='word_1_103' title='bbox 2027 1994 2115 2037; x_wconf 90' lang='lat' dir='ltr'><em>ac</em></span> <span class='ocrx_word' id='word_1_104' title='bbox 2143 1968 2295 2038; x_wconf 87' lang='lat' dir='ltr'><em>solo</em></span> <span class='ocrx_word' id='word_1_105' title='bbox 2312 2024 2333 2053; x_wconf 92' lang='lat'><em>,</em></span> <span class='ocrx_word' id='word_1_106' title='bbox 2367 1975 2440 2038; x_wconf 92' lang='lat' dir='ltr'><em>in</em></span> <span class='ocrx_word' id='word_1_107' title='bbox 2464 1992 2613 2065; x_wconf 79' lang='lat' dir='ltr'><em>quo</em></span> 
     </span>
     <span class='ocr_line' id='line_1_16' title="bbox 489 2076 2613 2175; baseline 0 -28"><span class='ocrx_word' id='word_1_108' title='bbox 489 2083 648 2148; x_wconf 90' lang='lat' dir='ltr'><em>nati</em></span> <span class='ocrx_word' id='word_1_109' title='bbox 680 2090 943 2163; x_wconf 82' lang='lat' dir='ltr'><em>essent,</em></span> <span class='ocrx_word' id='word_1_110' title='bbox 997 2076 1487 2146; x_wconf 84' lang='lat' dir='ltr'><em>dimicandum</em></span> <span class='ocrx_word' id='word_1_111' title='bbox 1499 2078 1702 2165; x_wconf 90' lang='lat' dir='ltr'><em>fore.</em></span> <span class='ocrx_word' id='word_1_112' title='bbox 1735 2084 1936 2150; x_wconf 91' lang='lat' dir='ltr'><em>Nam</em></span> <span class='ocrx_word' id='word_1_113' title='bbox 1981 2079 2186 2174; x_wconf 80' lang='lat' dir='ltr'><em>quod</em></span> <span class='ocrx_word' id='word_1_114' title='bbox 2218 2079 2326 2147; x_wconf 92' lang='lat' dir='ltr'><em>ad</em></span> <span class='ocrx_word' id='word_1_115' title='bbox 2356 2105 2433 2151; x_wconf 87' lang='lat' dir='ltr'><em>se</em></span> <span class='ocrx_word' id='word_1_116' title='bbox 2453 2084 2613 2175; x_wconf 85' lang='lat' dir='ltr'><em>pri-</em></span> 
     </span>
     <span class='ocr_line' id='line_1_17' title="bbox 490 2187 2616 2284; baseline 0.001 -26"><span class='ocrx_word' id='word_1_117' title='bbox 490 2195 706 2259; x_wconf 77' lang='lat' dir='ltr'><em>vatim</em></span> <span class='ocrx_word' id='word_1_118' title='bbox 744 2195 1079 2267; x_wconf 87' lang='lat' dir='ltr'><em>attineat,</em></span> <span class='ocrx_word' id='word_1_119' title='bbox 1116 2194 1182 2258; x_wconf 90' lang='lat' dir='ltr'><em>si</em></span> <span class='ocrx_word' id='word_1_120' title='bbox 1211 2211 1367 2257; x_wconf 81' lang='lat' dir='ltr'><em>sace</em></span> <span class='ocrx_word' id='word_1_121' title='bbox 1405 2187 1664 2284; x_wconf 80' lang='lat' dir='ltr'><em>glorioe</em></span> <span class='ocrx_word' id='word_1_122' title='bbox 1693 2188 1835 2256; x_wconf 86' lang='lat' dir='ltr'><em>sibi</em></span> <span class='ocrx_word' id='word_1_123' title='bbox 1870 2194 2055 2257; x_wconf 90' lang='lat' dir='ltr'><em>inter</em></span> <span class='ocrx_word' id='word_1_124' title='bbox 2080 2187 2616 2261; x_wconf 88' lang='lat' dir='ltr'><em>dimicationem</em></span> 
     </span>
     <span class='ocr_line' id='line_1_18' title="bbox 477 2297 2611 2395; baseline 0.002 -30"><span class='ocrx_word' id='word_1_125' title='bbox 477 2304 742 2391; x_wconf 71' lang='lat' dir='ltr'><em>patriae</em></span> <span class='ocrx_word' id='word_1_126' title='bbox 779 2302 1181 2367; x_wconf 87' lang='lat' dir='ltr'><em>meminisse</em></span> <span class='ocrx_word' id='word_1_127' title='bbox 1211 2303 1301 2367; x_wconf 86' lang='lat' dir='ltr'><em>sit</em></span> <span class='ocrx_word' id='word_1_128' title='bbox 1308 2297 1479 2386; x_wconf 75' lang='lat' dir='ltr'><em>saS,</em></span> <span class='ocrx_word' id='word_1_129' title='bbox 1524 2298 1658 2366; x_wconf 88' lang='lat' dir='ltr'><em>sibi</em></span> <span class='ocrx_word' id='word_1_130' title='bbox 1694 2297 2021 2395; x_wconf 80' lang='lat' dir='ltr'><em>amplum</em></span> <span class='ocrx_word' id='word_1_131' title='bbox 2053 2323 2344 2394; x_wconf 82' lang='lat' dir='ltr'><em>quoque</em></span> <span class='ocrx_word' id='word_1_132' title='bbox 2385 2323 2536 2369; x_wconf 90' lang='lat' dir='ltr'><em>esse</em></span> <span class='ocrx_word' id='word_1_133' title='bbox 2557 2298 2611 2386; x_wconf 76' lang='lat'><em>³,</em></span> 
     </span>
     <span class='ocr_line' id='line_1_19' title="bbox 489 2405 2613 2506; baseline 0.004 -32"><span class='ocrx_word' id='word_1_134' title='bbox 489 2405 736 2475; x_wconf 86' lang='lat' dir='ltr'><em>urbem</em></span> <span class='ocrx_word' id='word_1_135' title='bbox 766 2409 862 2475; x_wconf 81' lang='lat' dir='ltr'><em>ab</em></span> <span class='ocrx_word' id='word_1_136' title='bbox 888 2430 965 2475; x_wconf 88' lang='lat' dir='ltr'><em>se</em></span> <span class='ocrx_word' id='word_1_137' title='bbox 993 2419 1280 2503; x_wconf 83' lang='lat' dir='ltr'><em>captam</em></span> <span class='ocrx_word' id='word_1_138' title='bbox 1290 2409 1794 2503; x_wconf 71' lang='lat' dir='ltr'><em>frequentari,</em></span> <span class='ocrx_word' id='word_1_139' title='bbox 1836 2408 2163 2506; x_wconf 84' lang='lat' dir='ltr'><em>quotidie</em></span> <span class='ocrx_word' id='word_1_140' title='bbox 2188 2435 2264 2480; x_wconf 89' lang='lat' dir='ltr'><em>se</em></span> <span class='ocrx_word' id='word_1_141' title='bbox 2271 2412 2440 2501; x_wconf 68' lang='lat' dir='ltr'><em>fini</em></span> <span class='ocrx_word' id='word_1_142' title='bbox 2465 2432 2613 2482; x_wconf 86' lang='lat' dir='ltr'><em>mo·</em></span> 
     </span>
     <span class='ocr_line' id='line_1_20' title="bbox 486 2514 2611 2612; baseline 0.004 -30"><span class='ocrx_word' id='word_1_143' title='bbox 486 2519 803 2585; x_wconf 85' lang='lat' dir='ltr'><em>nimento</em></span> <span class='ocrx_word' id='word_1_144' title='bbox 845 2514 1107 2612; x_wconf 66' lang='lat' dir='ltr'><em>gloriae</em></span> <span class='ocrx_word' id='word_1_145' title='bbox 1152 2541 1305 2586; x_wconf 82' lang='lat' dir='ltr'><em>sace</em></span> <span class='ocrx_word' id='word_1_146' title='bbox 1324 2571 1345 2603; x_wconf 94' lang='lat'><em>,</em></span> <span class='ocrx_word' id='word_1_147' title='bbox 1407 2533 1475 2586; x_wconf 85' lang='lat' dir='ltr'><em>et</em></span> <span class='ocrx_word' id='word_1_148' title='bbox 1524 2533 1694 2587; x_wconf 91' lang='lat' dir='ltr'><em>ante</em></span> <span class='ocrx_word' id='word_1_149' title='bbox 1746 2519 1992 2590; x_wconf 79' lang='lat' dir='ltr'><em>oculos</em></span> <span class='ocrx_word' id='word_1_150' title='bbox 2044 2519 2316 2592; x_wconf 78' lang='lat' dir='ltr'><em>habere</em></span> <span class='ocrx_word' id='word_1_151' title='bbox 2361 2521 2611 2591; x_wconf 80' lang='lat' dir='ltr'><em>urbem</em></span> 
     </span>
     <span class='ocr_line' id='line_1_21' title="bbox 489 2621 2609 2730; baseline 0.004 -38"><span class='ocrx_word' id='word_1_152' title='bbox 489 2621 707 2693; x_wconf 90' lang='lat' dir='ltr'><em>latam</em></span> <span class='ocrx_word' id='word_1_153' title='bbox 746 2630 822 2694; x_wconf 90' lang='lat' dir='ltr'><em>in</em></span> <span class='ocrx_word' id='word_1_154' title='bbox 856 2626 1213 2722; x_wconf 79' lang='lat' dir='ltr'><em>triumpho</em></span> <span class='ocrx_word' id='word_1_155' title='bbox 1241 2648 1375 2698; x_wconf 83' lang='lat' dir='ltr'><em>suo</em></span> <span class='ocrx_word' id='word_1_156' title='bbox 1391 2630 1446 2714; x_wconf 73' lang='grc'><em>4,</em></span> <span class='ocrx_word' id='word_1_157' title='bbox 1469 2633 1784 2701; x_wconf 90' lang='lat' dir='ltr'><em>insistere</em></span> <span class='ocrx_word' id='word_1_158' title='bbox 1819 2655 2067 2702; x_wconf 85' lang='lat' dir='ltr'><em>omnes</em></span> <span class='ocrx_word' id='word_1_159' title='bbox 2101 2638 2412 2730; x_wconf 79' lang='lat' dir='ltr'><em>vestigiis</em></span> <span class='ocrx_word' id='word_1_160' title='bbox 2445 2631 2609 2700; x_wconf 80' lang='lat' dir='ltr'><em>lau-</em></span> 
     </span>
     <span class='ocr_line' id='line_1_22' title="bbox 486 2733 2610 2830; baseline 0.003 -28"><span class='ocrx_word' id='word_1_161' title='bbox 486 2733 665 2805; x_wconf 86' lang='lat' dir='ltr'><em>dum</em></span> <span class='ocrx_word' id='word_1_162' title='bbox 698 2760 1015 2806; x_wconf 81' lang='lat' dir='ltr'><em>suarum.</em></span> <span class='ocrx_word' id='word_1_163' title='bbox 1056 2738 1204 2807; x_wconf 88' lang='lat' dir='ltr'><em>Sed</em></span> <span class='ocrx_word' id='word_1_164' title='bbox 1232 2737 1437 2830; x_wconf 67' lang='lat' dir='ltr'><em>nefas</em></span> <span class='ocrx_word' id='word_1_165' title='bbox 1456 2737 1716 2808; x_wconf 86' lang='lat' dir='ltr'><em>ducere</em></span> <span class='ocrx_word' id='word_1_166' title='bbox 1733 2790 1753 2824; x_wconf 89' lang='lat'><em>,</em></span> <span class='ocrx_word' id='word_1_167' title='bbox 1793 2739 2146 2810; x_wconf 87' lang='lat' dir='ltr'><em>desertam</em></span> <span class='ocrx_word' id='word_1_168' title='bbox 2177 2764 2267 2810; x_wconf 88' lang='lat' dir='ltr'><em>ac</em></span> <span class='ocrx_word' id='word_1_169' title='bbox 2298 2738 2610 2808; x_wconf 88' lang='lat' dir='ltr'><em>relictam</em></span> 
     </span>
     <span class='ocr_line' id='line_1_23' title="bbox 483 2845 2610 2947; baseline 0.001 -33"><span class='ocrx_word' id='word_1_170' title='bbox 483 2845 583 2915; x_wconf 88' lang='lat' dir='ltr'><em>ab</em></span> <span class='ocrx_word' id='word_1_171' title='bbox 618 2846 757 2917; x_wconf 89' lang='lat' dir='ltr'><em>diis</em></span> <span class='ocrx_word' id='word_1_172' title='bbox 781 2847 1318 2921; x_wconf 79' lang='lat' dir='ltr'><em>&#39;immortalibus</em></span> <span class='ocrx_word' id='word_1_173' title='bbox 1347 2849 1569 2920; x_wconf 90' lang='lat' dir='ltr'><em>incoli</em></span> <span class='ocrx_word' id='word_1_174' title='bbox 1600 2850 1846 2920; x_wconf 85' lang='lat' dir='ltr'><em>urbem</em></span> <span class='ocrx_word' id='word_1_175' title='bbox 1862 2879 1889 2936; x_wconf 89' lang='lat'><em>,·</em></span> <span class='ocrx_word' id='word_1_176' title='bbox 1926 2867 1996 2920; x_wconf 88' lang='lat' dir='ltr'><em>et</em></span> <span class='ocrx_word' id='word_1_177' title='bbox 2028 2859 2101 2921; x_wconf 88' lang='lat' dir='ltr'><em>in</em></span> <span class='ocrx_word' id='word_1_178' title='bbox 2140 2857 2417 2947; x_wconf 79' lang='lat' dir='ltr'><em>captivo</em></span> <span class='ocrx_word' id='word_1_179' title='bbox 2453 2847 2610 2920; x_wconf 89' lang='lat' dir='ltr'><em>solo</em></span> 
     </span>
     <span class='ocr_line' id='line_1_24' title="bbox 483 2956 2610 3058; baseline 0.002 -33"><span class='ocrx_word' id='word_1_180' title='bbox 483 2956 820 3029; x_wconf 79' lang='lat' dir='ltr'><em>habitare</em></span> <span class='ocrx_word' id='word_1_181' title='bbox 831 2958 1202 3057; x_wconf 80' lang='lat' dir='ltr'><em>populum</em></span> <span class='ocrx_word' id='word_1_182' title='bbox 1224 2978 1646 3047; x_wconf 83' lang='lat' dir='ltr'><em>romanum,</em></span> <span class='ocrx_word' id='word_1_183' title='bbox 1679 2975 1752 3031; x_wconf 92' lang='lat' dir='ltr'><em>et</em></span> <span class='ocrx_word' id='word_1_184' title='bbox 1769 2966 2062 3033; x_wconf 84' lang='lat' dir='ltr'><em>victrice</em></span> <span class='ocrx_word' id='word_1_185' title='bbox 2069 2966 2316 3058; x_wconf 83' lang='lat' dir='ltr'><em>patria</em></span> <span class='ocrx_word' id='word_1_186' title='bbox 2334 2964 2610 3030; x_wconf 82' lang='lat' dir='ltr'><em>victam</em></span> 
     </span>
    </p>
   </div>
   <div class='ocr_carea' id='block_1_2' title="bbox 480 3130 2608 3443">
    <p class='ocr_par' dir='ltr' id='par_1_3' title="bbox 480 3130 2608 3443">
     <span class='ocr_line' id='line_1_25' title="bbox 556 3130 2608 3208; baseline -0.001 -18"><span class='ocrx_word' id='word_1_187' title='bbox 556 3145 604 3192; x_wconf 82' lang='lat'><em>3.</em></span> <span class='ocrx_word' id='word_1_188' title='bbox 632 3144 791 3191; x_wconf 84' lang='lat' dir='ltr'><em>Aliud</em></span> <span class='ocrx_word' id='word_1_189' title='bbox 814 3145 960 3191; x_wconf 79' lang='lat' dir='ltr'><em>celum</em></span> <span class='ocrx_word' id='word_1_190' title='bbox 992 3147 1165 3192; x_wconf 85' lang='lat' dir='ltr'><em>Patres</em></span> <span class='ocrx_word' id='word_1_191' title='bbox 1199 3144 1498 3201; x_wconf 71' lang='lat' dir='ltr'><em>inventuros,</em></span> <span class='ocrx_word' id='word_1_192' title='bbox 1589 3143 1708 3208; x_wconf 81' lang='lat' dir='ltr'><em>Hofi</em></span> <span class='ocrx_word' id='word_1_193' title='bbox 1733 3145 1917 3194; x_wconf 87' lang='lat' dir='ltr'><em>Confer</em></span> <span class='ocrx_word' id='word_1_194' title='bbox 1936 3146 2031 3203; x_wconf 90' lang='lat' dir='ltr'><em>IX,</em></span> <span class='ocrx_word' id='word_1_195' title='bbox 2055 3160 2113 3191; x_wconf 86' lang='lat'><em>12</em></span> <span class='ocrx_word' id='word_1_196' title='bbox 2129 3178 2143 3202; x_wconf 91' lang='lat'><em>,</em></span> <span class='ocrx_word' id='word_1_197' title='bbox 2164 3160 2214 3191; x_wconf 89' lang='lat' dir='ltr'><em>n.</em></span> <span class='ocrx_word' id='word_1_198' title='bbox 2238 3130 2326 3202; x_wconf 69' lang='lat'><em>133</em></span> <span class='ocrx_word' id='word_1_199' title='bbox 2344 3145 2422 3200; x_wconf 94' lang='lat' dir='ltr'><em>X,</em></span> <span class='ocrx_word' id='word_1_200' title='bbox 2444 3150 2538 3200; x_wconf 90' lang='grc'><em>44,</em></span> <span class='ocrx_word' id='word_1_201' title='bbox 2555 3159 2608 3188; x_wconf 81' lang='grc' dir='ltr'><em>ιι.</em></span> 
     </span>
     <span class='ocr_line' id='line_1_26' title="bbox 481 3220 2606 3282; baseline 0 -16"><span class='ocrx_word' id='word_1_202' title='bbox 481 3220 595 3267; x_wconf 78' lang='lat' dir='ltr'><em>vide</em></span> <span class='ocrx_word' id='word_1_203' title='bbox 619 3221 682 3268; x_wconf 84' lang='lat' dir='ltr'><em>ad</em></span> <span class='ocrx_word' id='word_1_204' title='bbox 705 3225 809 3280; x_wconf 90' lang='lat'><em>111,</em></span> <span class='ocrx_word' id='word_1_205' title='bbox 828 3224 893 3271; x_wconf 85' lang='lat'><em>50</em></span> <span class='ocrx_word' id='word_1_206' title='bbox 909 3257 924 3281; x_wconf 93' lang='lat'><em>,</em></span> <span class='ocrx_word' id='word_1_207' title='bbox 944 3240 995 3270; x_wconf 89' lang='lat' dir='ltr'><em>n.</em></span> <span class='ocrx_word' id='word_1_208' title='bbox 1024 3238 1067 3269; x_wconf 90' lang='lat'><em>1.</em></span> <span class='ocrx_word' id='word_1_209' title='bbox 1086 3251 1156 3259; x_wconf 93' lang='lat'>—</span> <span class='ocrx_word' id='word_1_210' title='bbox 1176 3224 1340 3271; x_wconf 85' lang='lat' dir='ltr'><em>Tacite</em></span> <span class='ocrx_word' id='word_1_211' title='bbox 1366 3224 1500 3271; x_wconf 78' lang='lat' dir='ltr'><em>tulis-</em></span> <span class='ocrx_word' id='word_1_212' title='bbox 1592 3232 1649 3281; x_wconf 85' lang='grc'><em>4;</em></span> <span class='ocrx_word' id='word_1_213' title='bbox 1668 3222 1923 3281; x_wconf 79' lang='lat' dir='ltr'>XXVIII,</span> <span class='ocrx_word' id='word_1_214' title='bbox 1947 3231 2009 3278; x_wconf 77' lang='lat'><em>42</em></span> <span class='ocrx_word' id='word_1_215' title='bbox 2024 3257 2039 3280; x_wconf 90' lang='lat'><em>,</em></span> <span class='ocrx_word' id='word_1_216' title='bbox 2057 3240 2106 3273; x_wconf 89' lang='lat' dir='ltr'><em>n.</em></span> <span class='ocrx_word' id='word_1_217' title='bbox 2126 3239 2150 3282; x_wconf 84' lang='lat'><strong>7</strong></span> <span class='ocrx_word' id='word_1_218' title='bbox 2168 3241 2181 3282; x_wconf 91' lang='lat'>;</span> <span class='ocrx_word' id='word_1_219' title='bbox 2205 3233 2253 3269; x_wconf 86' lang='lat' dir='ltr'><em>et</em></span> <span class='ocrx_word' id='word_1_220' title='bbox 2273 3222 2465 3270; x_wconf 80' lang='lat' dir='ltr'><em>Ernesti</em></span> <span class='ocrx_word' id='word_1_221' title='bbox 2484 3221 2606 3267; x_wconf 84' lang='lat' dir='ltr'><em>clav.</em></span> 
     </span>
     <span class='ocr_line' id='line_1_27' title="bbox 483 3299 2607 3369; baseline 0 -25"><span class='ocrx_word' id='word_1_222' title='bbox 483 3310 590 3345; x_wconf 82' lang='lat' dir='ltr'><em>sent</em></span> <span class='ocrx_word' id='word_1_223' title='bbox 609 3299 752 3364; x_wconf 83' lang='lat' dir='ltr'><em>(vide</em></span> <span class='ocrx_word' id='word_1_224' title='bbox 774 3300 838 3347; x_wconf 83' lang='lat' dir='ltr'><em>ad</em></span> <span class='ocrx_word' id='word_1_225' title='bbox 867 3314 973 3364; x_wconf 65' lang='lat' dir='ltr'><em>etp.</em></span> <span class='ocrx_word' id='word_1_226' title='bbox 1000 3303 1093 3357; x_wconf 74' lang='lat'><em>28,</em></span> <span class='ocrx_word' id='word_1_227' title='bbox 1110 3317 1161 3348; x_wconf 87' lang='lat' dir='ltr'><em>n.</em></span> <span class='ocrx_word' id='word_1_228' title='bbox 1197 3300 1266 3366; x_wconf 88' lang='lat'><em>1),</em></span> <span class='ocrx_word' id='word_1_229' title='bbox 1279 3301 1388 3369; x_wconf 80' lang='lat' dir='ltr'><em>fide</em></span> <span class='ocrx_word' id='word_1_230' title='bbox 1401 3318 1497 3366; x_wconf 83' lang='lat' dir='ltr'><em>pu·</em></span> <span class='ocrx_word' id='word_1_231' title='bbox 1589 3301 1693 3350; x_wconf 87' lang='lat' dir='ltr'><em>Cio.</em></span> <span class='ocrx_word' id='word_1_232' title='bbox 1713 3317 1825 3349; x_wconf 82' lang='lat' dir='ltr'><em>voc.</em></span> <span class='ocrx_word' id='word_1_233' title='bbox 1838 3302 2294 3358; x_wconf 48' lang='lat' dir='ltr'><em>aran—Privatim,</em></span> <span class='ocrx_word' id='word_1_234' title='bbox 2317 3301 2432 3349; x_wconf 82' lang='lat' dir='ltr'><em>vide</em></span> <span class='ocrx_word' id='word_1_235' title='bbox 2442 3300 2504 3348; x_wconf 81' lang='lat' dir='ltr'><em>ad</em></span> <span class='ocrx_word' id='word_1_236' title='bbox 2517 3299 2607 3357; x_wconf 87' lang='lat' dir='ltr'><em>IV,</em></span> 
     </span>
     <span class='ocr_line' id='line_1_28' title="bbox 480 3377 1824 3443; baseline 0.002 -19"><span class='ocrx_word' id='word_1_237' title='bbox 480 3377 607 3426; x_wconf 82' lang='lat' dir='ltr'><em>blica</em></span> <span class='ocrx_word' id='word_1_238' title='bbox 620 3378 779 3441; x_wconf 82' lang='lat' dir='ltr'><em>decipi</em></span> <span class='ocrx_word' id='word_1_239' title='bbox 790 3378 1030 3435; x_wconf 81' lang='lat' dir='ltr'><em>tribunos,</em></span> <span class='ocrx_word' id='word_1_240' title='bbox 1051 3396 1101 3426; x_wconf 85' lang='lat' dir='ltr'><em>v.</em></span> <span class='ocrx_word' id='word_1_241' title='bbox 1115 3380 1179 3437; x_wconf 83' lang='lat' dir='ltr'><em>ad</em></span> <span class='ocrx_word' id='word_1_242' title='bbox 1191 3381 1498 3443; x_wconf 80' lang='lat' dir='ltr'><em>XXXVIII,</em></span> <span class='ocrx_word' id='word_1_243' title='bbox 1590 3382 1655 3435; x_wconf 74' lang='lat'><em>48</em></span> <span class='ocrx_word' id='word_1_244' title='bbox 1668 3414 1682 3439; x_wconf 92' lang='lat'><em>,</em></span> <span class='ocrx_word' id='word_1_245' title='bbox 1701 3397 1752 3428; x_wconf 83' lang='lat' dir='ltr'><em>n.</em></span> <span class='ocrx_word' id='word_1_246' title='bbox 1774 3382 1824 3429; x_wconf 88' lang='grc'><em>6.</em></span> 
     </span>
    </p>
   </div>
   <div class='ocr_carea' id='block_1_3' title="bbox 481 3444 2679 3523">
    <p class='ocr_par' dir='ltr' id='par_1_4' title="bbox 481 3444 2679 3523">
     <span class='ocr_line' id='line_1_29' title="bbox 481 3444 2679 3523; baseline -0 -19"><span class='ocrx_word' id='word_1_247' title='bbox 481 3458 548 3504; x_wconf 75' lang='lat'><em>25</em></span> <span class='ocrx_word' id='word_1_248' title='bbox 564 3491 579 3516; x_wconf 92' lang='lat'>‚</span> <span class='ocrx_word' id='word_1_249' title='bbox 606 3474 655 3504; x_wconf 91' lang='lat' dir='ltr'><em>n.</em></span> <span class='ocrx_word' id='word_1_250' title='bbox 687 3473 733 3517; x_wconf 88' lang='lat'><em>7.</em></span> <span class='ocrx_word' id='word_1_251' title='bbox 1661 3460 1707 3505; x_wconf 83' lang='lat'><em>3.</em></span> <span class='ocrx_word' id='word_1_252' title='bbox 1740 3458 1844 3506; x_wconf 84' lang='lat' dir='ltr'><em>Sibi</em></span> <span class='ocrx_word' id='word_1_253' title='bbox 1873 3459 2089 3523; x_wconf 80' lang='lat' dir='ltr'><em>amplum</em></span> <span class='ocrx_word' id='word_1_254' title='bbox 2121 3473 2312 3522; x_wconf 82' lang='lat' dir='ltr'><em>quoque</em></span> <span class='ocrx_word' id='word_1_255' title='bbox 2339 3472 2462 3513; x_wconf 82' lang='lat' dir='ltr'><em>esse,</em></span> <span class='ocrx_word' id='word_1_256' title='bbox 2490 3455 2606 3503; x_wconf 80' lang='lat' dir='ltr'><em>vide</em></span> <span class='ocrx_word' id='word_1_257' title='bbox 2662 3444 2679 3455; x_wconf 41' lang='lat'>⁸</span> 
     </span>
    </p>
   </div>
   <div class='ocr_carea' id='block_1_4' title="bbox 456 3527 2603 4232">
    <p class='ocr_par' dir='ltr' id='par_1_5' title="bbox 456 3527 2603 4232">
     <span class='ocr_line' id='line_1_30' title="bbox 465 3527 1969 3601; baseline -0.001 -14"><span class='ocrx_word' id='word_1_258' title='bbox 465 3564 468 3567; x_wconf 45' lang='lat'>1</span> <span class='ocrx_word' id='word_1_259' title='bbox 546 3527 668 3587; x_wconf 61' lang='lat' dir='ltr'><em>Cui</em></span> <span class='ocrx_word' id='word_1_260' title='bbox 684 3537 860 3583; x_wconf 91' lang='lat' dir='ltr'><em>XXX.</em></span> <span class='ocrx_word' id='word_1_261' title='bbox 877 3550 921 3582; x_wconf 90' lang='lat'><em>1.</em></span> <span class='ocrx_word' id='word_1_262' title='bbox 935 3536 1164 3582; x_wconf 79' lang='lat' dir='ltr'><em>Senatum</em></span> <span class='ocrx_word' id='word_1_263' title='bbox 1182 3536 1387 3584; x_wconf 80' lang='lat' dir='ltr'><em>incitare</em></span> <span class='ocrx_word' id='word_1_264' title='bbox 1404 3540 1494 3586; x_wconf 86' lang='lat' dir='ltr'><em>ad·</em></span> <span class='ocrx_word' id='word_1_265' title='bbox 1585 3537 1649 3584; x_wconf 81' lang='lat' dir='ltr'><em>ad</em></span> <span class='ocrx_word' id='word_1_266' title='bbox 1669 3541 1747 3596; x_wconf 91' lang='grc' dir='ltr'><em>ΙΙ,</em></span> <span class='ocrx_word' id='word_1_267' title='bbox 1769 3555 1800 3601; x_wconf 84' lang='grc'><strong>9</strong></span> <span class='ocrx_word' id='word_1_268' title='bbox 1813 3572 1827 3596; x_wconf 90' lang='grc'><em>,</em></span> <span class='ocrx_word' id='word_1_269' title='bbox 1847 3555 1899 3585; x_wconf 92' lang='lat' dir='ltr'><em>n.</em></span> <span class='ocrx_word' id='word_1_270' title='bbox 1922 3555 1969 3585; x_wconf 84' lang='lat'><em>2.</em></span> 
     </span>
     <span class='ocr_line' id='line_1_31' title="bbox 473 3612 2601 3680; baseline -0.002 -17"><span class='ocrx_word' id='word_1_271' title='bbox 473 3633 628 3664; x_wconf 74' lang='lat' dir='ltr'><em>versus</em></span> <span class='ocrx_word' id='word_1_272' title='bbox 648 3616 798 3680; x_wconf 80' lang='lat' dir='ltr'><em>legem</em></span> <span class='ocrx_word' id='word_1_273' title='bbox 808 3649 825 3672; x_wconf 89' lang='lat'><em>,</em></span> <span class='ocrx_word' id='word_1_274' title='bbox 849 3616 1177 3678; x_wconf 83' lang='lat' dir='ltr'><em>rogationem,</em></span> <span class='ocrx_word' id='word_1_275' title='bbox 1200 3617 1303 3662; x_wconf 81' lang='lat' dir='ltr'><em>scil.</em></span> <span class='ocrx_word' id='word_1_276' title='bbox 1327 3617 1388 3664; x_wconf 89' lang='lat' dir='ltr'><em>de</em></span> <span class='ocrx_word' id='word_1_277' title='bbox 1409 3618 1497 3665; x_wconf 90' lang='lat' dir='ltr'><em>mi-</em></span> <span class='ocrx_word' id='word_1_278' title='bbox 1658 3624 1706 3670; x_wconf 88' lang='grc'><em>4.</em></span> <span class='ocrx_word' id='word_1_279' title='bbox 1741 3617 1916 3663; x_wconf 83' lang='lat' dir='ltr'><em>Urbem</em></span> <span class='ocrx_word' id='word_1_280' title='bbox 1945 3617 2100 3664; x_wconf 81' lang='lat' dir='ltr'><em>latam</em></span> <span class='ocrx_word' id='word_1_281' title='bbox 2132 3616 2181 3663; x_wconf 84' lang='lat' dir='ltr'><em>in</em></span> <span class='ocrx_word' id='word_1_282' title='bbox 2218 3612 2456 3678; x_wconf 79' lang='lat' dir='ltr'><em>triumpho</em></span> <span class='ocrx_word' id='word_1_283' title='bbox 2485 3629 2573 3660; x_wconf 80' lang='lat' dir='ltr'><em>suo</em></span> <span class='ocrx_word' id='word_1_284' title='bbox 2582 3646 2601 3669; x_wconf 91' lang='lat'><em>,</em></span> 
     </span>
     <span class='ocr_line' id='line_1_32' title="bbox 474 3680 2603 3760; baseline -0.001 -17"><span class='ocrx_word' id='word_1_285' title='bbox 474 3696 663 3759; x_wconf 85' lang='lat' dir='ltr'><em>grando</em></span> <span class='ocrx_word' id='word_1_286' title='bbox 678 3694 846 3742; x_wconf 71' lang='lat' dir='ltr'><em>Veios.</em></span> <span class='ocrx_word' id='word_1_287' title='bbox 864 3692 1008 3744; x_wconf 89' lang='lat' dir='ltr'><em>Conf.</em></span> <span class='ocrx_word' id='word_1_288' title='bbox 1029 3711 1135 3760; x_wconf 86' lang='lat' dir='ltr'><em>cap.</em></span> <span class='ocrx_word' id='word_1_289' title='bbox 1163 3701 1230 3750; x_wconf 72' lang='lat'><em>24</em></span> <span class='ocrx_word' id='word_1_290' title='bbox 1251 3712 1323 3758; x_wconf 85' lang='lat' dir='ltr'><em>sq.</em></span> <span class='ocrx_word' id='word_1_291' title='bbox 1340 3724 1405 3732; x_wconf 96' lang='lat'>—</span> <span class='ocrx_word' id='word_1_292' title='bbox 1416 3698 1494 3744; x_wconf 81' lang='lat' dir='ltr'><em>Ne</em></span> <span class='ocrx_word' id='word_1_293' title='bbox 1580 3708 1750 3760; x_wconf 86' lang='lat' dir='ltr'><em>propr.</em></span> <span class='ocrx_word' id='word_1_294' title='bbox 1762 3698 1864 3758; x_wconf 83' lang='lat' dir='ltr'><em>ejus</em></span> <span class='ocrx_word' id='word_1_295' title='bbox 1876 3680 2161 3760; x_wconf 63' lang='lat' dir='ltr'><em>imaginem:</em></span> <span class='ocrx_word' id='word_1_296' title='bbox 2175 3706 2287 3744; x_wconf 78' lang='lat' dir='ltr'><em>nam</em></span> <span class='ocrx_word' id='word_1_297' title='bbox 2301 3693 2603 3742; x_wconf 77' lang='lat' dir='ltr'><em>devictorum</em></span> 
     </span>
     <span class='ocr_line' id='line_1_33' title="bbox 473 3772 2602 3840; baseline -0 -21"><span class='ocrx_word' id='word_1_298' title='bbox 473 3775 640 3832; x_wconf 82' lang='lat' dir='ltr'><em>aliter,</em></span> <span class='ocrx_word' id='word_1_299' title='bbox 670 3774 763 3822; x_wconf 84' lang='lat' dir='ltr'><em>alia</em></span> <span class='ocrx_word' id='word_1_300' title='bbox 793 3786 955 3823; x_wconf 83' lang='lat' dir='ltr'><em>mente</em></span> <span class='ocrx_word' id='word_1_301' title='bbox 987 3786 1036 3821; x_wconf 88' lang='lat' dir='ltr'><em>et</em></span> <span class='ocrx_word' id='word_1_302' title='bbox 1065 3774 1387 3838; x_wconf 84' lang='lat' dir='ltr'><em>cogitatione,</em></span> <span class='ocrx_word' id='word_1_303' title='bbox 1409 3774 1492 3822; x_wconf 80' lang='lat' dir='ltr'><em>de-</em></span> <span class='ocrx_word' id='word_1_304' title='bbox 1580 3776 1904 3840; x_wconf 86' lang='lat' dir='ltr'><em>oppidorum,</em></span> <span class='ocrx_word' id='word_1_305' title='bbox 1925 3772 2602 3839; x_wconf 67' lang='lat' dir='ltr'><em>montium,popu10rum,te-</em></span> 
     </span>
     <span class='ocr_line' id='line_1_34' title="bbox 471 3849 2600 3917; baseline 0 -21"><span class='ocrx_word' id='word_1_306' title='bbox 471 3850 753 3898; x_wconf 76' lang='lat' dir='ltr'><em>scenderent</em></span> <span class='ocrx_word' id='word_1_307' title='bbox 778 3851 1044 3917; x_wconf 69' lang='lat' dir='ltr'><em>insortam,</em></span> <span class='ocrx_word' id='word_1_308' title='bbox 1069 3852 1184 3899; x_wconf 82' lang='lat' dir='ltr'><em>vide</em></span> <span class='ocrx_word' id='word_1_309' title='bbox 1212 3852 1275 3900; x_wconf 80' lang='lat' dir='ltr'><em>ad</em></span> <span class='ocrx_word' id='word_1_310' title='bbox 1298 3857 1376 3913; x_wconf 88' lang='lat'><em>11,</em></span> <span class='ocrx_word' id='word_1_311' title='bbox 1400 3853 1491 3912; x_wconf 70' lang='lat'><em>54,</em></span> <span class='ocrx_word' id='word_1_312' title='bbox 1587 3869 1701 3917; x_wconf 85' lang='lat' dir='ltr'><em>gum</em></span> <span class='ocrx_word' id='word_1_313' title='bbox 1716 3890 1731 3914; x_wconf 94' lang='lat'><em>,</em></span> <span class='ocrx_word' id='word_1_314' title='bbox 1760 3856 2023 3904; x_wconf 75' lang='lat' dir='ltr'><em>fluviorum</em></span> <span class='ocrx_word' id='word_1_315' title='bbox 2042 3852 2293 3902; x_wconf 72' lang='lat' dir='ltr'><em>simulacra</em></span> <span class='ocrx_word' id='word_1_316' title='bbox 2310 3852 2365 3898; x_wconf 86' lang='lat' dir='ltr'><em>in</em></span> <span class='ocrx_word' id='word_1_317' title='bbox 2380 3849 2600 3907; x_wconf 72' lang='lat' dir='ltr'><em>ferculis,</em></span> 
     </span>
     <span class='ocr_line' id='line_1_35' title="bbox 472 3927 2602 3997; baseline -0 -21"><span class='ocrx_word' id='word_1_318' title='bbox 472 3944 523 3975; x_wconf 64' lang='lat' dir='ltr'><em>n.</em></span> <span class='ocrx_word' id='word_1_319' title='bbox 552 3931 631 3978; x_wconf 78' lang='lat'><em>13.</em></span> <span class='ocrx_word' id='word_1_320' title='bbox 1355 3966 1361 3985; x_wconf 70' lang='grc'><strong>,</strong></span> <span class='ocrx_word' id='word_1_321' title='bbox 1582 3944 1694 3981; x_wconf 83' lang='lat' dir='ltr'><em>ante</em></span> <span class='ocrx_word' id='word_1_322' title='bbox 1714 3950 1906 3981; x_wconf 85' lang='lat' dir='ltr'><em>currum</em></span> <span class='ocrx_word' id='word_1_323' title='bbox 1928 3928 2298 3997; x_wconf 79' lang='lat' dir='ltr'><em>triumphantis,</em></span> <span class='ocrx_word' id='word_1_324' title='bbox 2313 3927 2501 3994; x_wconf 82' lang='lat' dir='ltr'><em>portari</em></span> <span class='ocrx_word' id='word_1_325' title='bbox 2521 3942 2602 3976; x_wconf 83' lang='lat' dir='ltr'><em>so-</em></span> 
     </span>
     <span class='ocr_line' id='line_1_36' title="bbox 546 4006 2597 4075; baseline 0.001 -22"><span class='ocrx_word' id='word_1_326' title='bbox 546 4024 593 4054; x_wconf 81' lang='lat'><em>2.</em></span> <span class='ocrx_word' id='word_1_327' title='bbox 623 4011 720 4053; x_wconf 88' lang='lat' dir='ltr'><em>Pro</em></span> <span class='ocrx_word' id='word_1_328' title='bbox 747 4009 847 4054; x_wconf 84' lang='lat' dir='ltr'><em>aris</em></span> <span class='ocrx_word' id='word_1_329' title='bbox 868 4007 1144 4071; x_wconf 83' lang='lat' dir='ltr'><em>(Penatium</em></span> <span class='ocrx_word' id='word_1_330' title='bbox 1161 4006 1214 4056; x_wconf 83' lang='lat' dir='ltr'><em>in</em></span> <span class='ocrx_word' id='word_1_331' title='bbox 1235 4008 1494 4075; x_wconf 61' lang='lat' dir='ltr'><em>impluvio)</em></span> <span class='ocrx_word' id='word_1_332' title='bbox 1581 4012 1762 4059; x_wconf 82' lang='lat' dir='ltr'><em>lebant.</em></span> <span class='ocrx_word' id='word_1_333' title='bbox 1785 4010 1928 4061; x_wconf 87' lang='lat' dir='ltr'><em>Conf.</em></span> <span class='ocrx_word' id='word_1_334' title='bbox 1948 4012 2227 4070; x_wconf 83' lang='lat' dir='ltr'>XXXVII,</span> <span class='ocrx_word' id='word_1_335' title='bbox 2248 4008 2340 4072; x_wconf 81' lang='lat'><em>593</em></span> <span class='ocrx_word' id='word_1_336' title='bbox 2365 4020 2414 4057; x_wconf 83' lang='lat' dir='ltr'><em>et</em></span> <span class='ocrx_word' id='word_1_337' title='bbox 2431 4009 2495 4057; x_wconf 82' lang='lat' dir='ltr'><em>ad</em></span> <span class='ocrx_word' id='word_1_338' title='bbox 2513 4008 2597 4056; x_wconf 87' lang='lat' dir='ltr'><em>Sil.</em></span> 
     </span>
     <span class='ocr_line' id='line_1_37' title="bbox 456 4083 2598 4153; baseline 0.002 -22"><span class='ocrx_word' id='word_1_339' title='bbox 456 4083 687 4151; x_wconf 83' lang='lat' dir='ltr'><em>focisque</em></span> <span class='ocrx_word' id='word_1_340' title='bbox 699 4083 911 4149; x_wconf 87' lang='lat' dir='ltr'><em>(Larium</em></span> <span class='ocrx_word' id='word_1_341' title='bbox 926 4087 981 4133; x_wconf 87' lang='lat' dir='ltr'><em>in</em></span> <span class='ocrx_word' id='word_1_342' title='bbox 998 4086 1143 4151; x_wconf 87' lang='lat' dir='ltr'><em>atrio)</em></span> <span class='ocrx_word' id='word_1_343' title='bbox 1163 4089 1493 4138; x_wconf 80' lang='lat' dir='ltr'><em>dimicandum</em></span> <span class='ocrx_word' id='word_1_344' title='bbox 1581 4092 1757 4147; x_wconf 85' lang='lat' dir='ltr'><em>XVII,</em></span> <span class='ocrx_word' id='word_1_345' title='bbox 1789 4091 1890 4137; x_wconf 82' lang='lat'><em>635</em></span> <span class='ocrx_word' id='word_1_346' title='bbox 1921 4107 2026 4153; x_wconf 88' lang='lat' dir='ltr'><em>sqq.</em></span> <span class='ocrx_word' id='word_1_347' title='bbox 2057 4090 2142 4137; x_wconf 81' lang='lat' dir='ltr'><em>ubi</em></span> <span class='ocrx_word' id='word_1_348' title='bbox 2169 4088 2322 4139; x_wconf 76' lang='lat' dir='ltr'><em>fusius</em></span> <span class='ocrx_word' id='word_1_349' title='bbox 2353 4087 2598 4153; x_wconf 76' lang='lat' dir='ltr'><em>Scipionis</em></span> 
     </span>
     <span class='ocr_line' id='line_1_38' title="bbox 458 4161 2596 4232; baseline 0.002 -22"><span class='ocrx_word' id='word_1_350' title='bbox 458 4161 601 4227; x_wconf 69' lang='lat' dir='ltr'><em>jore,</em></span> <span class='ocrx_word' id='word_1_351' title='bbox 623 4175 679 4211; x_wconf 88' lang='lat' dir='ltr'><em>ut</em></span> <span class='ocrx_word' id='word_1_352' title='bbox 708 4178 800 4210; x_wconf 78' lang='lat' dir='ltr'><em>nos</em></span> <span class='ocrx_word' id='word_1_353' title='bbox 842 4163 1047 4211; x_wconf 77' lang='lat' dir='ltr'><em>dicimus</em></span> <span class='ocrx_word' id='word_1_354' title='bbox 1069 4179 1084 4214; x_wconf 72' lang='grc' dir='ltr'><strong><em>ε</em></strong></span> <span class='ocrx_word' id='word_1_355' title='bbox 1095 4165 1195 4229; x_wconf 76' lang='lat' dir='ltr'><em>fiir</em></span> <span class='ocrx_word' id='word_1_356' title='bbox 1221 4169 1360 4214; x_wconf 80' lang='lat' dir='ltr'><em>Haus</em></span> <span class='ocrx_word' id='word_1_357' title='bbox 1393 4169 1499 4216; x_wconf 80' lang='lat' dir='ltr'><em>und</em></span> <span class='ocrx_word' id='word_1_358' title='bbox 1578 4167 1854 4232; x_wconf 84' lang='lat' dir='ltr'><em>triumphus</em></span> <span class='ocrx_word' id='word_1_359' title='bbox 1881 4169 2183 4216; x_wconf 80' lang='lat' dir='ltr'><em>describitur.</em></span> <span class='ocrx_word' id='word_1_360' title='bbox 2204 4170 2360 4216; x_wconf 78' lang='lat' dir='ltr'><em>-Ee</em></span> <span class='ocrx_word' id='word_1_361' title='bbox 2381 4182 2494 4216; x_wconf 84' lang='lat' dir='ltr'><em>cum</em></span> <span class='ocrx_word' id='word_1_362' title='bbox 2518 4167 2596 4215; x_wconf 77' lang='lat' dir='ltr'><em>vi-</em></span> 
     </span>
    </p>
   </div>
  </div>
 </body>
</html>
