3000 4717
451 346 583 392 100
1294 321 1371 386 T.
1438 319 1718 393 L1v11
2149 295 2525 406 3:13132113221

442 443 778 542 neglecto
819 439 1023 513 cultu
1063 463 1441 538 agrorum,
1489 454 1575 513 ut
1615 438 2049 537 plerumque
2089 436 2207 521 fit..
2250 443 2574 538 excepit,

440 560 541 633 Μ.
568 553 848 650 Papirio
873 552 1203 625 Atratino
1225 607 1244 640 ,
1275 556 1352 623 C.
1375 552 1643 621 Nautio
1673 548 1921 621 Rutilo
1946 549 2387 623 consulibus.
2421 556 2458 621 J
2462 577 2579 623 am

444 665 665 737 fames
684 666 740 752 4,
780 687 1000 759 quam
1054 662 1501 760 pestilentia,
1554 662 1828 733 tristior
1882 676 2074 750 erat3
2111 663 2224 750 ni,
2272 662 2579 735 dimissis

445 778 632 847 circa
656 797 909 844 omnes
937 771 1247 869 populos
1276 771 1527 868 legatis
1546 825 1565 859 ,
1597 771 1728 867 qui
1750 775 2130 842 Etruscum
2163 795 2399 861 mare,
2428 774 2581 870 qui-

443 912 588 984 que
633 883 947 955 Tiberim
1002 881 1334 952 accolunt
1359 936 1378 970 ,
1429 880 1521 955 ad
1572 880 2018 955 frumentum
2067 883 2577 968 mercandum,

443 1020 748 1073 annonae
773 989 802 1035 5
839 992 1026 1063 foret
1067 991 1527 1065 subventum.
1578 990 1904 1088 Superbe
1955 990 2046 1061 ab
2101 990 2578 1080 SamnitibUS,

443 1108 571 1204 qui
589 1096 909 1202 Capuam
930 1100 1298 1175 habebant
1318 1107 1730 1198 Cumasque
1745 1156 1764 1189 ,
1785 1101 1997 1198 legati
2011 1100 2360 1199 prohibiti
2379 1126 2583 1173 com-

443 1215 714 1287 mercio
742 1226 944 1302 sunt3
966 1227 1218 1285 contra
1245 1237 1329 1284 ea
1351 1210 1668 1309 benigne
1698 1211 1791 1283 ab
1822 1213 2237 1287 Siculorum.
2257 1212 2581 1309 tyrannis

445 1326 675 1420 adjuti
709 1352 723 1394 ε
768 1325 1117 1403 maximos
1167 1335 1612 1395 commeatus
1657 1345 1941 1394 summo
1992 1322 2292 1393 Etruriae
2342 1321 2581 1393 studio

445 1436 736 1511 Tiberis·
766 1435 1051 1509 devexit
1084 1461 1099 1502 ε
1141 1433 1606 1511 solitudinem
1649 1435 1727 1503 in
1770 1434 2054 1505 civitate
2091 1457 2274 1530 aegra
2308 1433 2584 1530 experti

449 1544 782 1617 consules
831 1558 1047 1630 sunt3
1099 1567 1372 1638 quum,
1413 1544 1489 1613 in
1543 1544 1932 1641 legationes
1977 1569 2131 1617 non
2160 1539 2192 1586 ⁶
2233 1543 2394 1640 plus
2437 1544 2582 1615 sin-

446 1655 632 1753 gulis
664 1651 1117 1725 senatoribus
1153 1654 1605 1725 invenientes
1628 1710 1648 1742 ,
1686 1656 1917 1727 coacti
1946 1668 2115 1726 sunt
2141 1652 2355 1725 binos
2389 1655 2585 1749 equi·

447 1780 558 1839 tes
586 1762 893 1857 adjicere
921 1789 934 1830 :
969 1777 1449 1860 praeterquam
1482 1763 1575 1835 ab
1607 1764 1868 1836 morbo
1899 1790 2371 1863 annonaque,
2401 1765 2585 1838 nihil

450 1899 537 1949 eo
568 1872 872 1944 biennio
899 1874 1224 1945 intestini
1257 1875 1626 1947 externive
1662 1875 2104 1947 incommodi
2140 1875 2298 1947 fuit.
2333 1880 2426 1948 At
2460 1876 2587 1947 ubi

445 1984 559 2057 hae
617 1983 1135 2061 sollicitudines
1191 1982 1615 2070 discessere,
1663 1985 1945 2072 omnia,
1990 1984 2258 2080 quibus
2309 1986 2587 2057 turbari

458 2095 667 2167 solita
723 2108 875 2171 erat
925 2095 1205 2182 civitas,
1246 2092 1442 2169 domi
1494 2092 1888 2181 discordia,
1932 2091 2105 2164 foris
2146 2092 2419 2165 bellum
2458 2121 2583 2166 ex-

451 2219 720 2279 ortum.

548 2319 737 2385 LIII.
776 2319 874 2384 M.
905 2313 1189 2385 AEmilio
1209 2369 1228 2402 ,
1263 2317 1342 2385 C.
1363 2313 1652 2387 Valerio
1680 2315 1919 2387 Potito
1948 2312 2398 2401 consulibuS,
2425 2312 2586 2385 bel-

452 2424 606 2493 lum
633 2423 844 2518 AEqui
871 2422 1256 2518 parabant,
1289 2423 1568 2497 Volscis
1587 2478 1606 2511 ,
1642 2447 2061 2520 quanquam
2105 2447 2258 2492 non
2290 2421 2584 2519 publico

455 2532 755 2604 consilio
776 2586 794 2617 ,
832 2533 1374 2629 capessentibus
1402 2559 1634 2623 arma,
1663 2534 2087 2607 voluntariis
2120 2534 2452 2605 mercede
2488 2557 2589 2606 se·

456 2643 702 2740 quutis
729 2642 1080 2715 militiam.
1104 2644 1212 2719 Ad
1234 2670 1546 2741 quorum
1567 2644 1829 2719 famam
1856 2646 2165 2717 hostium
2190 2646 2373 2743 (jam
2393 2647 2588 2717 enim

453 2752 526 2821 in
564 2753 900 2825 Latinum
928 2741 1465 2853 Hernicumque
1504 2758 2098 2833 transcenderant
2125 2758 2420 2854 agrum)
2457 2756 2589 2828 de·-

454 2860 725 2933 'lectum
766 2861 1159 2944 habentem
1187 2868 1553 2941 Valerium
1592 2870 1963 2940 consulem
1994 2874 2089 2938 M.
2124 2868 2425 2937 Maenius
2457 2869 2590 2936 tri-

457 3042 549 3087 En.
569 3069 637 3076 —
654 3044 784 3091 Mox
802 3044 929 3091 forte
947 3045 1046 3092 del.
1070 3047 1298 3095 Atratino
1309 3082 1323 3106 ,
1344 3047 1481 3111 quod
1569 3048 1657 3110 qui
1666 3048 1885 3111 Capuam
1903 3046 2148 3095 habebant
2159 3045 2450 3108 Cumasque,
2471 3046 2588 3094 Vid‘

461 3120 861 3183 Semproniorum
885 3138 1159 3185 cognomen
1177 3137 1275 3183 est,
1299 3137 1354 3173 ut
1367 3128 1478 3172 Mu·
1568 3125 1631 3173 ad
1651 3141 1759 3189 cap.
1782 3126 1843 3185 37
1863 3158 1879 3182 ,
1906 3114 1956 3171 n'.
1989 3140 2011 3171 ι
2024 3158 2041 3181 ,
2061 3134 2110 3170 et
2130 3140 2172 3171 c,
2195 3130 2261 3179 44
2276 3157 2291 3182 ,
2308 3139 2358 3171 n.
2385 3138 2462 3172 to.

453 3197 670 3262 gillanus
697 3199 1017 3261 Papiriorum.
1640 3206 1689 3252 6.
1723 3204 1837 3250 Non
1867 3204 1983 3268 plus
2016 3201 2214 3267 singulis
2251 3204 2583 3262 senatoribus,

533 3283 583 3331 4.
617 3279 731 3322 Iam
751 3276 917 3340 fames
932 3314 948 3334 ‚
996 3294 1146 3341 quam
1169 3280 1475 3342 pestilentia,
1567 3298 1672 3329 non
1704 3282 1844 3346 plus,
1881 3298 1967 3329 seu
1992 3282 2156 3345 plures
2191 3298 2335 3347 quam
2369 3283 2587 3347 singulos

463 3353 648 3403 tristior
670 3366 805 3411 erat;
845 3355 977 3405 unde
1003 3356 1184 3405 Trebio
1217 3358 1346 3405 aedili
1380 3359 1448 3422 pl.
1466 3392 1480 3416 ,
1569 3372 1840 3419 senatores,
1862 3372 1918 3409 ut
1933 3363 2127 3420 XXIV,
2153 3370 2213 3417 41
2231 3375 2247 3422 ;
2265 3364 2472 3421 XXIX,
2494 3363 2585 3420 25.

464 3434 549 3498 qui
568 3433 756 3482 assibus
774 3435 961 3499 populo
989 3435 1282 3487 frumentum
1299 3436 1484 3500 praesti·
1571 3441 1753 3486 XXXI
1767 3474 1781 3498 ,
1813 3441 1904 3498 343
1924 3442 2039 3498 XL,
2061 3457 2117 3498 23
2139 3443 2281 3491 XLII
2296 3476 2311 3499 ‚
2331 3444 2414 3491 23.
2441 3441 2585 3488 Cous.

462 3524 618 3572 terat,
663 3524 834 3563 statuae
861 3513 916 3559 in
947 3513 1194 3578 Capitolio
1218 3532 1274 3562 ac
1304 3515 1483 3580 palatio
1573 3517 1637 3569 ad
1667 3521 1775 3577 111,
1808 3520 1873 3574 64
1891 3554 1906 3578 ,
1931 3535 1982 3566 n.
2012 3520 2041 3566 5
2064 3537 2078 3579 ;
2106 3522 2303 3580 XXIV,
2338 3535 2393 3579 17
2410 3554 2423 3577 ‚
2450 3537 2499 3566 n.
2527 3536 2585 3577 23

465 3591 638 3643 dicatae
662 3604 804 3650 sunt,
844 3603 893 3640 et
913 3592 1020 3658 ipse
1041 3610 1271 3658 supremo
1294 3595 1374 3643 die
1395 3611 1484 3659 po·
1575 3608 1624 3645 et
1642 3599 1790 3649 Drak.
1816 3599 2068 3657 adXXH,
2097 3601 2163 3647 23
2178 3634 2194 3655 ,
2218 3615 2271 3647 n.
2299 3599 2361 3655 6;
2390 3596 2585 3643 inuentis·

464 3671 572 3733 puli
599 3672 813 3723 humeris
848 3683 1070 3737 portatus
1105 3674 1160 3722 in
1186 3691 1355 3739 rogum
1379 3688 1481 3736 est3
1569 3677 1630 3727 al·
1666 3679 1793 3730 Mox
1820 3679 1912 3743 leg.
1949 3678 2291 3727 sollicitudines
2317 3676 2585 3733 decessere,-

463 3748 580 3795 vide
604 3750 731 3801 Plin.
758 3753 963 3811 XVIII,
991 3754 1047 3812 3,
1089 3771 1173 3802 seu
1198 3762 1257 3814 4,
1301 3755 1484 3803 tristior
1572 3758 1725 3807 Gron.
1754 3759 1936 3806 Confer
1965 3760 2129 3809 Burm.
2169 3756 2232 3803 ad
2266 3754 2473 3817 Quintil.
2502 3754 2585 3802 de·

464 3837 575 3872 erat
591 3860 607 3882 ‚
636 3827 690 3874 ni
711 3861 723 3874 .
736 3862 747 3874 .
761 3829 921 3893 ,βπ-ει
942 3833 1243 3893 subventum,
1278 3835 1392 3884 vide
1419 3834 1481 3882 ad
1570 3835 1707 3890 clam.
1726 3839 1825 3895 VI,
1847 3838 1907 3894 6,
1925 3835 2014 3883 uhi
2039 3836 2164 3891 hanc
2186 3835 2446 3883 lectionem
2463 3833 2585 3881 mul-

462 3905 544 3961 11,
573 3905 635 3951 50
652 3939 666 3962 ‚
693 3922 742 3955 n·
772 3923 850 3955 ¹0·
1569 3915 1635 3963 tis
1659 3926 1762 3965 tum
1782 3915 2002 3973 Horatii,
2020 3926 2124 3965 tum
2144 3915 2298 3980 ipsius
2320 3913 2444 3962 Livii
2461 3911 2583 3958 locis

536 3982 585 4029 5·
613 3984 838 4035 Annonce
857 3985 997 4051 foret
1017 3991 1316 4050 subventum,
1364 3994 1479 4042 vide
1567 3992 1794 4045 firmavit.
1827 3995 2135 4044 Dissentiunt
2167 3996 2307 4043 Corte
2334 4004 2383 4041 et
2413 3993 2483 4043 W
2477 4004 2603 4039 asse*

466 4059 529 4109 ad
557 4061 606 4107 ΙΙ
619 4094 636 4118 .
670 4062 732 4133 34
750 4094 765 4119 ,
789 4077 839 4109 n.
872 4079 948 4112 10.
968 4093 1038 4101 -
1064 4069 1144 4116 Ab
1161 4071 1476 4131 Samnitibus.
1568 4074 1633 4121 ad
1657 4075 1848 4128 Salhist.
1872 4076 1987 4136 ἕως.
2007 4075 2139 4121 XLI.
