3000 4717
505 350 641 447 278
1321 353 1399 418 T.
1463 351 1739 420 L1v11
2321 331 2451 431 313:
2473 332 2570 445 331:

497 470 691 541 haud
728 494 945 566 parva
981 468 1197 541 fuisse
1218 526 1236 557 ,
1283 496 1513 568 quum
1555 470 1944 541 damnandi
1980 493 2182 540 mora
2231 469 2429 567 plebi
2465 496 2621 541 non

495 582 571 649 in
594 604 833 665 causa,
865 580 991 650 sed
1021 582 1096 649 in
1121 581 1283 651 loco
1299 586 1353 662 4,
1385 580 1623 651 fuerit.
1655 578 1843 650 Illud
1872 578 2278 649 notandum
2305 578 2618 668 videtur,

494 703 578 759 ut
615 691 840 760 sciant
865 690 1226 778 homines,
1263 716 1424 788 quae
1458 706 1532 761 et
1557 705 1825 788 quanta
1855 689 2151 776 decora,
2184 688 2379 760 foeda
2411 692 2619 788 cupi-

496 796 680 868 ditas
706 800 941 895 regni,
974 825 1123 869 non
1157 801 1433 896 ingrata
1466 800 1736 886 solum,
1766 799 1894 870 sed
1920 799 2144 869 invisa
2169 800 2417 887 etiam,
2448 799 2618 870 red-

493 905 777 978 diderit.
809 909 1153 979 Homines
1187 933 1419 1007 prope
1452 909 2023 1006 quadringentos
2053 908 2477 1006 produxisse
2508 907 2616 979 di-

495 1018 705 1105 citur,
734 1017 1000 1114 quibus
1023 1020 1179 1088 sine
1221 1010 1472 1090 fenore
1506 1044 1856 1118 expensas
1885 1021 2229 1116 pecunias
2247 1016 2276 1061 ⁵
2302 1020 2615 1109 tulisset,

495 1152 811 1224 quorum
838 1129 1030 1200 bona
1048 1131 1295 1200 venire
1312 1183 1331 1218 ‚
1358 1154 1547 1227 quos
1564 1130 1733 1202 duci
1759 1131 2083 1201 addictos
2105 1128 2612 1227 prohibuisset.

491 1237 601 1309 Ad
626 1239 807 1327 haec,
840 1240 1102 1312 decora
1133 1265 1432 1337 quoque
1459 1240 1637 1312 belli
1659 1266 1809 1311 non
1834 1264 2434 1311 commemorasse
2462 1254 2617 1310 tan-

493 1361 650 1418 tum
668 1404 687 1437 ,
708 1349 834 1420 sed
854 1351 1237 1447 protulisse
1252 1351 1466 1422 etiam
1485 1350 2028 1448 conspicienda3
2049 1350 2276 1447 spolia
2295 1350 2615 1420 hostium

494 1484 839 1530 caesorum
886 1461 975 1530 ad
1018 1462 1343 1556 triginta,
1395 1460 1590 1532 dona
1629 1462 2145 1558 imperatorum
2175 1458 2267 1529 ad
2302 1458 2616 1555 quadra-

491 1570 723 1665 ginta;
768 1571 844 1639 in
876 1569 1142 1666 quibus
1179 1572 1494 1667 insignes
1525 1571 1705 1642 duas
1731 1570 2041 1641 murales
2071 1593 2406 1657 coronam,
2444 1569 2611 1638 civi-

490 1701 608 1748 cas
651 1692 816 1749 octo
831 1675 885 1748 ⁶.
946 1678 1053 1748 Ad
1091 1680 1241 1750 haec
1278 1695 1594 1751 servatos
1631 1706 1719 1752 ex
1753 1679 2084 1750 hostibus
2123 1680 2311 1750 cives
2344 1678 2613 1776 produ-

490 1788 710 1877 xjsse3
739 1789 929 1860 inter
953 1814 1140 1885 quos
1166 1783 1246 1861 Css
1274 1790 1655 1862 Servilium
1681 1791 2098 1886 magistrum
2131 1791 2461 1886 equitum
2488 1788 2612 1859 ab·

492 1913 769 1971 sentem
805 1903 1260 1971 nominatum
1297 1929 1312 1969 :
1354 1915 1425 1972 et
1466 1926 1699 1998 quum
1738 1926 1822 1972 ea
1849 1925 2185 1998 quoque,
2224 1926 2385 1997 quae
2416 1899 2612 1972 bello

488 2022 685 2104 gesta
714 2025 952 2081 essent
970 2063 989 2098 ‚
1024 2035 1154 2106 pro
1180 2009 1458 2106 fastigio
1486 2035 1731 2081 rerum
1759 2012 2087 2082 oratione
2107 2012 2324 2081 etiam
2345 2012 2614 2109 magni-

486 2115 620 2188 fica
634 2172 653 2207 ‚
669 2116 853 2190 facta
868 2120 1074 2190 dictis
1090 2119 1505 2215 aequando⁷‚
1522 2135 2020 2210 memorasset3
2037 2121 2344 2193 nudasse
2355 2135 2614 2218 pectus

470 2298 649 2363 fallax
669 2300 901 2346 indicium
924 2310 1110 2363 spectat
1130 2298 1193 2344 ad
1215 2314 1384 2345 aurum
1410 2299 1501 2362 gal-
1590 2300 1722 2347 Vict.
1749 2301 1840 2347 vir.
1868 2301 2018 2348 illust.
2054 2318 2096 2348 c.
2116 2309 2207 2359 243
2229 2300 2484 2358 Plin.V11,
2509 2301 2611 2358 28,

481 2377 657 2435 licum,
673 2378 810 2439 quod
823 2394 849 2423 a
868 2377 1093 2423 Patribus
1112 2376 1349 2423 occultari
1371 2376 1503 2423 dixe·
1588 2394 1673 2426 seu
1700 2394 1767 2440 29
1796 2378 1923 2444 (quo
1941 2391 2063 2428 teste
2082 2378 2292 2427 Manlius
2304 2377 2496 2442 primus
2515 2395 2613 2424 om-

482 2467 557 2503 rat
577 2456 818 2513 Manlium
841 2454 956 2502 vide
975 2471 1080 2518 cap.
1104 2463 1163 2510 14
1181 2488 1195 2510 ,
1223 2455 1300 2513 15,
1322 2456 1400 2504 16.
1586 2457 1721 2505 nium
1732 2475 1882 2547 eques
1896 2475 2128 2506 coronam
2148 2475 2211 2505 mr
2198 2458 2380 2506 rar-alem
2396 2457 2606 2521 accepit,

554 2543 603 2590 4.
635 2533 923 2581 Damnandi
947 2550 1086 2580 mora
1102 2533 1239 2597 plebi
1271 2533 1320 2579 in
1357 2534 1492 2591 loca,
1586 2553 1675 2583 sex
1695 2537 1893 2593 civicas,
1923 2537 2124 2604 triginta
2144 2549 2322 2601 septem
2342 2537 2500 2594 dona,
2524 2534 2609 2581 tri—

479 2616 533 2661 in
559 2628 732 2677 eampo
759 2612 966 2671 Martio,
994 2628 1057 2659 ex
1079 2621 1202 2675 quo,
1228 2612 1332 2659 scil.
1353 2612 1499 2678 Capi-
1581 2614 1724 2679 ginta
1768 2628 1860 2663 tres
1898 2615 2145 2663 cicatrices
2177 2614 2378 2662 adverso
2411 2630 2609 2677 corpore

481 2693 681 2750 tolium‚
709 2691 754 2739 ei
776 2691 1034 2738 imminens
1060 2702 1108 2739 et
1134 2707 1161 2737 a
1188 2690 1375 2738 Manlio
1400 2708 1497 2738 ser·
1587 2694 1835 2759 excepit),
1865 2705 1914 2741 et
1939 2694 2002 2742 de
2023 2693 2214 2741 coronis
2234 2693 2418 2750 civicis,
2446 2708 2609 2739 mura·

476 2783 672 2830 vatum,
708 2782 925 2836 spectare
956 2770 1163 2828 licebat,
1149 2785 1162 2798 ·
1202 2785 1349 2833 quare
1382 2786 1499 2818 mox
1585 2773 1708 2820 libus
1726 2808 1742 2830 ‚
1777 2772 2142 2836 triumphalibus
2158 2807 2173 2827 ,
2203 2771 2602 2827 obsidionalibus,

477 2853 706 2917 legimus,
743 2851 792 2897 iu
831 2850 1113 2897 Poeeelinum
1156 2849 1342 2904 lucum,
1371 2849 1499 2895 uude
1585 2840 1927 2907 castrensibus,
1950 2851 2206 2898 navalibus
2216 2850 2312 2898 loc.
2328 2851 2464 2897 class.
2481 2848 2606 2897 Gen.

476 2942 772 3007 conspectus
789 2929 838 2976 iu
881 2927 1172 2992 Capitolium
1206 2944 1304 2975 nou
1344 2939 1491 2985 esset,
1586 2921 1650 2986 V,
1677 2930 1725 2976 6.
1752 2932 1826 2976 De
1853 2929 2149 2977 obsidionali
2172 2929 2286 2977 vide
2304 2928 2501 2986 advn,
2523 2928 2607 2986 37,

477 2995 732 3058 concilium
747 3006 924 3071 populi
939 3005 1172 3053 indictum
1193 3021 1311 3053 esse.
1584 3024 1639 3054 n.
1668 3024 1694 3054 2
1715 3024 1729 3065 3
1761 3019 1809 3054 et
1830 3008 1898 3054 de
1925 3008 2116 3055 vallari
2138 3007 2201 3055 ad
2233 3009 2284 3055 X
2304 3042 2319 3065 ,
2349 3007 2414 3071 46
2430 3040 2444 3065 ,
2474 3022 2526 3053 n.
2558 3021 2603 3052 ι.

552 3090 599 3134 5.
629 3086 807 3148 Quibus
834 3084 937 3131 siue
952 3083 1127 3149 fener-e
1152 3099 1388 3147 expensas
1405 3098 1495 3146 pe·-
1588 3084 1749 3131 Civica
1771 3086 1958 3132 caeteris
1985 3086 2288 3133 honoratior.
2312 3085 2386 3133 cf.
2405 3085 2605 3142 xxm,

477 3165 646 3212 eunias
673 3164 882 3219 tulisset,
915 3162 965 3209 b.
986 3177 1028 3209 e.
1058 3161 1299 3219 dedisset,
1326 3177 1494 3226 propr.
1588 3164 1684 3221 233
1706 3174 1753 3210 et
1778 3162 1840 3210 ad
1859 3165 1978 3210 Tac.
2000 3167 2132 3212 Ann.
2151 3166 2227 3222 11,
2248 3163 2311 3211 83
2325 3197 2340 3221 ,
2363 3164 2410 3210 3.
2425 3164 2606 3208 -Pro

467 3247 526 3293 in
545 3243 732 3292 tabulas
753 3257 1078 3308 expensorum
1094 3241 1361 3308 retulisset:
1380 3255 1489 3287 nam
1565 3240 1775 3305 fastigio
1787 3275 1802 3297 ,
1820 3241 2154 3304 magnitudine
2167 3276 2181 3300 ‚
2200 3241 2485 3290 excellentia
2499 3275 2513 3298 ,
2532 3255 2606 3286 re·

472 3322 676 3389 pecunia
711 3322 913 3384 aliaeque
943 3336 1019 3367 res
1055 3319 1181 3366 datae
1207 3329 1255 3366 et
1280 3330 1492 3384 acceptae
1578 3334 1687 3366 rum
1705 3331 1958 3381 gestarum.

471 3402 619 3452 scribi
646 3398 867 3447 solebant
891 3399 943 3444 in
974 3397 1150 3444 tabulis
1180 3408 1491 3460 acceptorum
1652 3413 1698 3456 7.
1728 3399 1883 3443 Facta
1903 3397 2045 3445 dictis
2063 3397 2331 3461 aequando,
2354 3412 2447 3462 pro
2465 3397 2604 3444 dicta

472 3494 520 3531 et
538 3493 879 3545 expensorum.
894 3476 1038 3524 Conf.
1058 3475 1309 3537 Cic.Verr.
1323 3478 1373 3533 1,
1398 3477 1490 3536 573
1566 3474 1726 3539 factis
1758 3476 2019 3539 oequaudo.
2051 3476 2147 3523 Sed
2172 3476 2314 3525 dietis
2337 3487 2409 3524 est
2435 3475 2606 3523 ablati—

469 3578 563 3625 pro
583 3557 767 3608 Roscio
795 3556 934 3604 Com.
960 3556 1017 3613 13
1040 3565 1089 3602 et
1117 3554 1180 3601 ad
1208 3554 1488 3613 Div.V111,
1579 3568 1694 3602 vus:
1709 3554 2114 3619 oequabatfacta,
2138 3555 2497 3619 assequebatur,
2509 3570 2605 3618 pro

383 3681 404 3694 ,
472 3649 535 3703 4ς
562 3638 759 3688 Salmas.
789 3633 850 3681 de
874 3632 1071 3691 Usuris,
1099 3648 1204 3695 cap.
1234 3648 1261 3678 2
1277 3667 1291 3691 ,
1309 3650 1359 3696 p.
1393 3634 1488 3691 323
1516 3700 1523 3706 ἱ
1578 3632 1799 3696 ipsorum
1818 3632 2200 3696 magnitudinem
2215 3634 2517 3697 exprimebat
2528 3632 2603 3680 di-

469 3720 624 3766 Gron.
643 3712 879 3763 Mantissa
895 3748 909 3772 ,
933 3728 1041 3777 pec.
1064 3722 1212 3759 veter.
1234 3728 1341 3775 cap.
1366 3727 1489 3758 1.—
1577 3712 1690 3769 ctis,
1711 3729 1802 3777 per
1819 3712 1949 3760 dieta
1962 3746 1976 3770 ,
1989 3714 2237 3771 oratione,
2256 3728 2311 3759 er
2327 3713 2442 3759 kam
2460 3710 2602 3757 ihuen

471 3799 612 3842 Boua
637 3794 834 3849 venire,
866 3807 1045 3839 venum
1069 3791 1140 3836 ire
1154 3824 1168 3848 ,
1190 3789 1368 3847 vendi,
1395 3806 1489 3853 pu·
1570 3789 1757 3854 gleicli3
1775 3790 2175 3838 &uerum—Sic
2189 3789 2384 3838 Sallust.
2405 3788 2599 3839 cm'lin.

465 3872 660 3930 blieari3
697 3871 813 3919 duci
845 3870 1096 3925 addictos,
1138 3868 1250 3916 vide
1281 3867 1343 3916 ad
1376 3883 1483 3932 cap.
1575 3885 1619 3915 e.
1643 3869 1699 3927 3,
1726 3868 1862 3931 quod
1861 3868 2013 3933 sacta
2040 3867 2184 3915 dietis
2207 3879 2321 3915 suut
2345 3882 2604 3931 exoequau·

476 3959 564 4007 14,
583 3966 635 3996 n.
662 3964 712 4010 9.
1573 3947 1659 3994 da.
1674 3946 1802 3994 Vide
1836 3946 1908 3993 ibi
1943 3946 2143 3995 Rivium
2179 3957 2228 3994 et
2247 3946 2522 4005 Wassium,
2552 3957 2603 3992 et

535 4028 585 4072 6.
623 4028 759 4071 Duas
796 4024 1002 4071 murales
1040 4039 1273 4081 coronas,
1304 4024 1482 4071 civicas
1570 4035 1700 4072 nost.
1725 4024 1916 4072 Sallust.
1938 4024 2034 4073 vol.
2056 4026 2160 4072 XX
2183 4024 2389 4073 Colleet.
2409 4039 2521 4089 pag.
2526 4038 2558 4070 1
2573 4040 2596 4069 1

462 4100 1480 4162 octo‚ef.X,46;XXV1,483Aurel.
1571 4101 1882 4152 ettiliano.
