3000 4717
459 346 507 384 A.
534 341 581 382 C.
608 343 700 394 387.

461 402 705 443 uam,
951 362 1266 431 LIBER
1312 364 1397 431 V.
1461 364 1676 430 CAP.
1728 363 1970 429 XLII.
2394 359 2530 434 205

404 484 634 555 oculis
686 484 855 554 satis
910 483 1243 554 constare
1297 495 1655 583 poterant.
1721 485 2203 578 Quocumque
2260 483 2532 557 clamor

406 596 761 682 hostium,
805 595 1192 676 mulierum
1236 618 1779 693 puerorumque
1835 594 2203 693 ploratuS,
2252 592 2530 669 sonitus

405 704 709 777 flammae
745 720 818 778 et
848 704 1087 802 fragor
1118 707 1490 777 ruentium
1519 719 1878 777 tectorum
1908 703 2357 794 advertisset,
2396 732 2530 804 pa-

406 831 656 888 ventes
676 817 764 886 ad
785 818 1026 887 omnia
1039 870 1058 905 ,
1085 818 1397 904 animoS,
1419 840 1719 913 oraque,
1749 829 1820 887 et
1840 816 2091 886 oculos
2110 814 2500 887 flectebant
2513 872 2532 906 ,

404 926 605 997 velut
643 925 736 997 ad'
770 928 1259 1025 spectaculum
1304 952 1344 997 a
1380 925 1673 1033 fortuna
1692 926 1925 1023 ,positi
1962 924 2357 997 occidentis
2400 948 2533 1022 pa·-

405 1037 590 1124 triae,
644 1059 779 1106 nec
829 1034 1044 1106 ullius
1085 1059 1331 1107 rerum
1382 1057 1675 1105 suarum
1719 1033 1986 1124 relicti,
2051 1048 2533 1132 praeterquam

406 1167 826 1240 corporum,
868 1144 1190 1216 vindices
1235 1172 1250 1215 ε
1294 1159 1497 1216 tanto
1538 1158 1705 1214 ante
1739 1143 1916 1215 alios
1954 1143 2340 1215 miserandi
2377 1169 2532 1217 ma-

404 1248 575 1348 gis³‚
605 1255 1078 1351 quiunquam
1100 1254 1374 1326 obsessi
1397 1267 1600 1341 sunt,
1632 1252 1834 1349 quod
1852 1254 2228 1325 interclusi
2249 1255 2536 1352 a'patria

407 1359 964 1452 obsidebantur,
1001 1364 1244 1432 omnia
1272 1387 1399 1433 sua
1427 1377 1808 1433 cernentes
1844 1365 1920 1433 in
1961 1363 2284 1435 hostium
2325 1371 2531 1463 pote-‘

408 1484 610 1542 state.
642 1475 792 1543 Nec
822 1470 1279 1566 tranquillior
1308 1496 1457 1542 nox
1488 1471 1681 1542 diem
1708 1486 1857 1543 tam
1885 1471 2124 1544 foede‘*
2153 1489 2394 1545 actum
2418 1502 2534 1546 ex·

408 1581 599 1675 cepit
619 1579 779 1649 :lux
799 1579 1061 1649 deinde
1083 1596 1374 1651 noctem
1400 1582 1796 1678 inquietam
1818 1582 2200 1678 insequuta
2223 1600 2363 1655 est:
2387 1611 2524 1658 nec

408 1686 640 1758 ullum
657 1703 808 1759 erat
828 1701 1146 1785 tempus,
1168 1690 1370 1786 quod
1390 1717 1429 1762 a
1448 1717 1653 1762 novae
1669 1717 1814 1763 sem
1824 1718 1953 1791 per
1979 1694 2197 1766 cladis
2223 1696 2524 1791 alicujus

409 1796 822 1892 spectaculo
842 1811 1170 1869 cessaret.
1200 1790 1394 1872 Nihil
1421 1815 1663 1872 tamen
1680 1857 1700 1890 ,
1738 1817 1849 1874 tot
1870 1806 2146 1875 onerati
2173 1819 2390 1901 atque
2413 1805 2535 1878 ob-

407 1906 554 1976 ruti
571 1906 807 2005 maliS,
837 1906 1197 1980 flexerunt
1226 1912 1506 1982 animos
1523 1967 1542 2000 ,
1572 1914 1752 2008 quin
1769 1968 1788 2000 ,
1820 1915 1955 1984 etsi
1973 1917 2215 1984 omnia
2233 1915 2537 1989 flammis

408 2039 489 2088 ac
521 2019 749 2089 ruinis
779 2033 1059 2116 aequata
1086 2020 1465 2112 vidissent,
1505 2025 1834 2120 quamvis
1867 2026 2159 2123 inopem
2198 2050 2539 2123 parvum-

407 2149 587 2223 que,
619 2152 840 2224 quem
888 2128 1270 2219 tenebant,
1316 2133 1576 2204 collem
1596 2189 1616 2222 ‚
1645 2133 1958 2205 libertati
1993 2133 2327 2205 relictum
2348 2191 2366 2224 ,
2394 2139 2540 2207 vir-

406 2247 561 2306 tute
601 2235 1109 2325 defenderent3
1149 2255 1221 2311 et
1245 2241 1432 2335 jam,
1477 2268 1711 2340 quum
1756 2242 2005 2316 eadem
2050 2246 2379 2341 quotidie
2423 2272 2542 2318 ac·-

410 2343 760 2430 eiciet-ent,
796 2348 995 2418 velut
1017 2352 1282 2421 assueti
1308 2352 1546 2442 maliS,
1575 2353 2154 2426 abalienaverant
2195 2355 2286 2426 ab
2325 2381 2541 2428 sensu

409 2476 657 2523 rerum
706 2479 998 2527 suarum
1049 2462 1367 2548 animos3
1420 2486 1621 2535 arma
1670 2479 1951 2536 tantum
2004 2465 2424 2564 ferrumque
2462 2470 2539 2539 in

413 2559 722 2650 dextris,
764 2565 964 2635 velut
1006 2567 1191 2638 solas
1225 2569 1564 2667 reliquias
1598 2576 1752 2670 spei
1791 2600 1966 2665 suae,
2003 2578 2394 2649 intuentes,

411 2773 553 2818 nuum
583 2759 792 2807 retinere
814 2758 899 2825 (ut
929 2770 1086 2808 mente
1106 2769 1328 2811 constare
1350 2781 1431 2829 ap.

1521 2767 1651 2815 idem
1666 2785 1808 2831 quam
1822 2772 2044 2835 plurimis
2057 2775 2236 2823 accidit
2246 2809 2261 2833 ,
2278 2787 2335 2823 ut
2346 2809 2361 2834 ,
2379 2777 2442 2824 ab
2455 2777 2543 2825 ho-

410 2833 570 2887 Gicer.
591 2840 738 2886 Τιιω.
756 2839 928 2901 Quint.
950 2841 1041 2900 fv,
1072 2857 1161 2901 173
1186 2858 1278 2907 pro
1291 2878 1304 2902 ‚
1329 2846 1433 2904 ejus

1520 2846 1677 2893 stibus
1704 2847 1758 2893 in
1790 2864 1950 2896 arcem
1976 2854 2244 2916 compulsi,
2268 2855 2431 2901 omnia
2456 2873 2542 2904 sua

410 2928 692 2982 compotem
716 2933 849 2967 esse:
869 2918 1040 2966 confer
1062 2920 1430 2971 Drakenborch.

410 2995 474 3042 ad
501 2995 551 3043 h.
574 2996 608 3043 l.
632 2997 855 3055 etvm,
885 3012 980 3060 193
1005 3000 1169 3047 Burm.
1193 3000 1257 3047 ad
1282 3002 1429 3050 ovid.

341 3123 348 3130 ,
411 3073 519 3120 Art.
542 3075 650 3121 Am.
672 3077 722 3133 Ι,
754 3075 907 3141 120),
926 3089 1184 3140 poterant,
1201 3080 1302 3128 rix
1327 3097 1431 3129 cer-

410 3165 527 3197 nere
561 3168 613 3198 se
649 3164 792 3216 atque
830 3155 998 3203 audire
1039 3169 1267 3222 putantes
1282 3195 1296 3217 ‚
1322 3176 1431 3223 quae

411 3228 673 3276 cernebant
697 3242 747 3278 et
768 3232 1046 3284 audiebant.
1065 3238 1208 3286 Conf.
1232 3239 1295 3286 ad
1314 3241 1430 3289 Tac.

413 3307 546 3354 Ann.
566 3308 667 3365 ΙΙΙ,
688 3311 754 3363 46
778 3315 1243 3381 pr.——Qu0eumque
1264 3319 1433 3366 adver-

412 3385 568 3441 tisset,
599 3400 667 3431 sc.
682 3388 931 3437 Romanos
942 3424 957 3449 ‚
978 3393 1062 3454 qui
1079 3395 1133 3440 in
1150 3411 1260 3443 arce
1278 3408 1431 3447 erant.

412 3465 488 3512 Ita
509 3463 683 3527 scripsi
708 3482 800 3529 pro
827 3469 958 3532 vulg.
982 3472 1228 3521 avertisset
1246 3475 1431 3540 (scilic.

412 3559 441 3591 a
480 3556 750 3608 conspectu
796 3546 998 3595 aliarum
1038 3566 1198 3598 rerum
1242 3553 1303 3600 ml
1349 3570 1431 3618 ³03

412 3622 596 3684 an.)
620 3639 684 3670 ex
710 3624 951 3674 emendat.
988 3629 1208 3677 Gronov.
1235 3632 1347 3679 vide
1371 3633 1435 3682 ad

411 3702 462 3760 1,
497 3717 555 3748 12
569 3736 585 3760 ,
613 3718 664 3749 n.
693 3704 741 3750 8.

484 3780 538 3829 3.
572 3783 728 3829 Tanto
755 3793 872 3829 ante
896 3782 1021 3830 alios
1045 3785 1310 3835 miserandi
1329 3806 1434 3838 ma-

383 3872 392 3886 *
406 3860 514 3925 gis,
544 3871 638 3910 etc.
657 3894 672 3919 ,
697 3860 834 3924 quod
853 3897 868 3921 ‚
895 3863 1012 3909 lieet
1037 3863 1249 3922 obsessi,
1276 3877 1437 3917 tamen

1521 2923 1574 2972 in
1595 2924 1812 2973 hostium
1830 2940 2072 2992 potestate
2095 2946 2220 2988 esse,
2242 2943 2290 2979 et
2312 2944 2437 2980 tecta
2460 2951 2539 2981 ur-

1517 3002 1596 3051 his
1616 3003 1817 3053 incendi
1838 3006 2088 3068 viderent3
2110 3009 2240 3056 nuk.

1546 3105 1549 3110 ⁴
1594 3091 1641 3138 4.
1670 3084 1811 3131 Diem
1837 3097 1938 3133 tam
1949 3086 2091 3152 foede
2106 3124 2123 3146 ,
2153 3090 2316 3150 triste,
2345 3104 2509 3141 acuam
2522 3130 2541 3153 ‚

1519 3172 1813 3210 transactum
1825 3198 1839 3222 ,
1857 3166 1935 3213 vel
1953 3161 2368 3234 contemplatione
2384 3189 2548 3222 rerum

1520 3251 1619 3289 tam
1639 3241 1890 3290 foedarum.
1917 3246 2065 3294 Conf.
2090 3249 2153 3296 ad
2177 3253 2254 3298 111
2270 3286 2283 3310 ‚
2313 3255 2374 3301 32
2390 3286 2405 3311 ‚
2424 3269 2473 3300 n.
2499 3269 2544 3300 1.

1522 3347 1593 3356 —
1609 3321 1737 3368 Mox
1763 3322 1981 3386 inquieta
2008 3323 2132 3375 hene
2162 3332 2290 3391 con'j.
2319 3335 2547 3381 Gronov.

1521 3405 1713 3450 Vocem
1742 3421 1963 3471 semper,
1999 3420 2057 3456 ut
2084 3425 2237 3475 graece
2273 3409 2385 3475 ἀεὶ,
2412 3430 2545 3462 eam·

1523 3477 1634 3525 dem
1660 3483 1881 3529 omnium
1907 3486 2148 3533 rationem
2172 3487 2429 3546 denotare,
2449 3506 2552 3538 mo-

1510 3568 1607 3603 ’net
1624 3557 1829 3607 Casaub.
1851 3559 1913 3607 ad
1933 3565 2089 3612 strab.
2109 3569 2159 3624 1,
2185 3584 2236 3629 p.
2260 3567 2344 3613 65.
2363 3569 2551 3615 —Eesi

1523 3634 1689 3681 omnia
1706 3637 1931 3702 flammis
1968 3657 2029 3688 ac
2060 3644 2211 3690 ruinis
2244 3641 2548 3708 oequata'vi-

1523 3713 1706 3759 dissent
1710 3731 1732 3769 ;
1746 3714 1859 3778 lego
1871 3719 1891 3774 ,'·
1907 3719 2169 3778 videbant,
2192 3724 2327 3785 quod
2337 3758 2351 3782 ,
2364 3729 2518 3789 ‘spero
2531 3762 2546 3787 ‚

1523 3791 1773 3857 probabis.
1785 3796 1918 3842 Tau.
1935 3799 2118 3845 FAun.
2133 3804 2271 3848 Hanc
2291 3815 2418 3851 certe
2432 3819 2554 3854 con·
2579 3814 2582 3818 ’

1520 3873 1757 3933 jectar-am
1782 3873 1995 3937 probant
2013 3878 2154 3925 multi
2176 3894 2189 3926 ε
2213 3881 2457 3946 vulgatum
2480 3897 2548 3935 ta-

411 3955 441 3987 n
478 3941 636 4004 patria
671 3941 923 3989 interclusi
958 3953 1146 4000 essent,
1177 3960 1327 4006 quum
1356 3948 1439 3995 alii
1525 3967 1638 3998 men
1677 3952 1872 4016 praefert
1904 3955 2150 4006 Drakenb.
2165 3993 2179 4017 ,
2212 3961 2298 4022 qui
2335 3963 2543 4027 plurima

412 4020 466 4065 in
488 4021 645 4082 patria
670 4019 1040 4080 obsidet-cutum
1067 4023 1435 4074 Drakenborch.

312 4133 322 4141 .
415 4097 533 4145 Non
556 4099 687 4160 scio,
716 4098 970 4163 quomodo
1005 4098 1103 4150 hoc
1133 4101 1298 4152 dicat:
1324 4119 1438 4155 nam

1527 4032 1804 4094 composuit
1848 4036 2069 4099 exempla
2094 4072 2108 4095 ,
2161 4039 2214 4085 in
2264 4040 2440 4103 quibus
2486 4046 2545 4095 τὸ

1527 4110 1617 4157 etsi
1640 4111 2005 4176 subjunctivum
2026 4115 2171 4165 etiam
2197 4118 2426 4169 admittit.
2454 4122 2548 4171 En.
