3000 4717
444 322 688 431 &35:333
738 343 943 436 ΜΒ,
998 343 1212 410 v111.
1271 342 1491 408 cAP.
1552 343 1839 407 xxlx.
1892 337 2143 410 xxx.
2377 345 2515 439 493

398 482 505 536 est
539 467 770 537 dictus
802 492 817 533 z
850 488 979 562 par
1017 461 1262 532 nobile
1296 461 1514 533 rebus
1550 464 1634 530 =in
1680 486 1766 531 eo
1810 464 2226 562 magistratu
2263 468 2511 563 gestis,

395 575 752 647 discordia
776 590 1013 645 tamen
1034 629 1053 661 ,
1080 597 1223 669 qua
1252 597 1479 670 prope
1513 570 1602 641 ad
1627 571 2006 643 ultimum⁶
2036 573 2516 649 dimicationis

393 699 692 755 ventum
739 699 876 769 est,
930 681 1268 753 nobilius.
1321 680 1430 754 Ab
1477 679 1700 752 altero
1745 683 2042 754 consule
2086 685 2162 753 in
2210 690 2517 759 Vestinis

394 795 767 891 multiplex
794 792 1066 863 bellum
1087 847 1104 879 ,
1134 817 1268 862 nec
1295 817 1603 887 usquam
1632 793 1831 862 vario
1862 807 2122 863 eventu
2147 805 2200 881 7,
2236 811 2519 891 gestum

396 919 541 992 est3
576 929 742 974 nam
782 919 854 974 et
896 904 1327 1001 pervastavit
1377 927 1622 998 agros,
1675 917 1783 991 et,
1820 903 2244 1000 populando
2298 919 2516 1002 atque

394 1014 674 1085 urendo
723 1028 905 1086 tecta
952 1013 1272 1084 hostium
1316 1028 1649 1109 sataque,
1697 1016 1773 1083 in
1818 1016 2043 1085 aciem
2089 1017 2352 1086 invitos
2391 1043 2517 1087 ex-

394 1128 607 1196 traxit
654 1154 669 1193 :
730 1141 804 1197 et
854 1127 951 1196 ita
1004 1126 1250 1222 praelio
1298 1150 1450 1195 uno
1503 1125 1758 1195 accidit
1796 1126 2260 1197 Vestinorum
2287 1123 2316 1168 ⁸
2361 1153 2514 1215 res,
2560 1146 2571 1150 ’

394 1235 955 1333 haudquaquam
994 1250 1235 1306 tamen
1273 1238 1655 1306 incruento
1687 1235 1915 1305 milite
1949 1262 2111 1320 suo,
2151 1252 2232 1306 ut
2259 1261 2409 1306 non
2436 1238 2513 1306 in

396 1361 618 1417 castra
674 1347 907 1417 solum
959 1345 1374 1444 refugerent
1436 1345 1713 1433 hosteS,
1775 1345 1942 1432 sed,
1993 1347 2142 1440 jam
2190 1371 2280 1416 ne
2330 1345 2517 1414 vallo

397 1458 690 1554 quidem
738 1482 818 1528 ac
874 1456 1078 1528 fossis
1115 1455 1315 1544 freti,
1367 1454 1866 1526 dilaberentur
1909 1458 1983 1524 in
2030 1455 2336 1552 oppida,
2376 1457 2520 1525 situ

394 1567 689 1639 urbium
729 1567 1229 1663 moenibusque
1286 1580 1369 1637 se
1413 1565 1802 1637 defensuri.
1844 1570 2212 1637 Postremo
2251 1564 2521 1663 oppida

397 1703 692 1774 quoque
726 1681 796 1746 vi
825 1703 1236 1776 expugnare
1265 1677 1594 1764 adortus,
1626 1678 1860 1772 primo
1886 1677 2219 1746 Cutinam
2244 1678 2522 1773 ingenti

398 1786 651 1858 ardore
695 1788 1039 1878 militum,
1078 1803 1201 1858 aut
1237 1788 1625 1858 vulnerum
1669 1788 1770 1857 ira
1789 1796 1843 1870 9,
1883 1786 2084 1883 quod
2130 1786 2326 1856 haud
2370 1786 2521 1859 sere

398 1899 774 1994 quisquam
837 1900 1118 1996 integer
1185 1898 1429 1995 praelio
1495 1910 1932 1980 excesserat,
1998 1896 2200 1965 scalis
2261 1899 2517 2000 cepit:
2580 1885 2585 1892 ⁵

399 2008 660 2079 deinde
703 2010 1099 2104 Cingiliam.
1141 2010 1539 2102 Utriusque
1578 2004 1777 2076 urbis
1807 2006 2120 2103 praedam
2150 2005 2522 2096 militibus,

400 2118 599 2214 quod
624 2143 747 2188 eos
767 2143 1006 2214 neque
1028 2131 1256 2215 portae
1274 2172 1291 2207 ,
1314 2142 1556 2213 neque
1577 2118 1764 2186 muri
1784 2117 2099 2186 hostium
2122 2131 2520 2206 arcuerant,

401 2230 772 2299 concessit.
1521 2301 1531 2308 ,

496 2343 714 2409 XXX.
743 2344 828 2409 In
848 2340 1216 2410 Samnium
1239 2339 1533 2436 incertis
1555 2340 1737 2408 itum
1757 2340 2085 2436 auspiciis
2106 2354 2211 2409 est
2231 2348 2253 2379 1
2277 2364 2292 2406 ε
2319 2340 2431 2431 cuj
2441 2362 2524 2407 us

400 2446 503 2515 rei
541 2448 795 2515 vitium
836 2473 990 2518 non
1036 2451 1111 2518 in
1154 2448 1329 2519 belli
1364 2464 1740 2536 eventum,
1777 2448 1977 2546 quod
2014 2471 2356 2545 prospere
2399 2471 2525 2543 ge-

401 2569 591 2624 stum
612 2570 718 2625 est
735 2609 754 2642 ,
785 2556 1006 2625 sedin
1034 2556 1312 2627 rabiem
1339 2572 1557 2653 atque
1583 2560 1720 2628 iras
1739 2560 2255 2654 imperatorum
2286 2558 2520 2628 vertit.

401 2667 728 2761 Namque
754 2665 1076 2761 Papirius
1114 2663 1445 2750 dictator,
1487 2690 1526 2734 a
1562 2664 1871 2760 pullario
1898 2667 2255 2754 monitus,
2296 2691 2526 2763 quum

405 2772 493 2843 ad
515 2778 910 2873 auspicium
930 2772 1409 2871 repetendum
1429 2778 1732 2843 Romam
1752 2773 2362 2869 proficisceretur,
2391 2801 2528 2868 ma·

404 2887 624 2982 gistro
654 2889 980 2983 equitum
1008 2884 1461 2955 denuntiavit
1481 2938 1499 2971 ‚
1526 2896 1608 2952 ut
1637 2907 1790 2953 sese
1820 2883 1981 2955 loco
2012 2896 2325 2968 teneret,
2354 2909 2524 2972 nen,

405 2995 703 3068 absente
755 3024 830 3069 se
859 3053 877 3087 ,
936 3021 1100 3069 cum
1149 2995 1357 3065 hoste
1408 3017 1707 3062 manum
1765 3007 2195 3062 consereret.
2265 2990 2525 3064 Fabius

406 3128 633 3198 quum
683 3121 846 3201 post
884 3104 1404 3202 profectionem
1441 3102 1810 3173 dictatoris
1858 3127 1990 3200 per
2035 3103 2525 3199 exploratores

475 3296 527 3343 6.
566 3294 653 3341 Ad
675 3295 892 3343 ultimum
924 3296 1277 3353 dimicationis,
1307 3297 1421 3344 vide
1511 3295 1647 3343 Idem
1691 3295 1838 3343 habet
1863 3295 2085 3343 Valerius
2126 3296 2369 3344 Maximus
2386 3331 2400 3354 ‚
2441 3297 2527 3344 lib.

405 3373 467 3421 ad
495 3376 571 3433 ΙΙ,
599 3374 689 3432 56,
711 3390 760 3420 n.
788 3383 834 3430 4.
1510 3377 1614 3434 ΙΙΙ,
1646 3392 1702 3433 2,
1733 3392 1791 3438 9,
1822 3375 1909 3422 ubi
1935 3374 2149 3421 eamdem
2178 3387 2341 3422 narrat
2374 3376 2529 3423 histo-

393 3495 400 3500 ,
481 3470 527 3513 7.
547 3454 650 3500 Nec
666 3470 871 3518 usquam
886 3454 1033 3500 vario
1048 3466 1239 3511 eventu,
1260 3456 1421 3503 ubivis
1511 3456 1656 3513 riam,
1681 3466 1728 3501 et
1740 3454 1829 3513 lib,
1842 3457 1893 3502 11
1907 3488 1921 3513 ,
1954 3470 1998 3514 7,
2019 3463 2049 3510 4
2070 3454 2131 3501 de
2150 3455 2316 3503 Cotta.
2334 3455 2528 3502 Servius

407 3531 624 3580 secundo
652 3533 901 3580 Romanis.
1371 3566 1393 3584 .
1510 3534 1763 3581 Fuldensis
1799 3533 1852 3579 in
1886 3533 2075 3581 AEneid.
2112 3535 2188 3593 11,
2219 3536 2341 3594 178,
2386 3533 2530 3581 docte

478 3613 525 3658 8.
556 3611 753 3658 Accidit
776 3609 1074 3658 Vdeinorum
1099 3627 1173 3656 res
1180 3646 1197 3668 ,
1225 3612 1339 3659 vide
1360 3611 1421 3661 ad
1509 3613 1642 3661 hunc
1663 3630 1846 3661 morem
1864 3622 2067 3661 enarrat.
2086 3611 2184 3658 Sed
2196 3613 2314 3669 lzoc,
2341 3612 2503 3674 inquit
2517 3647 2533 3671 ,

408 3690 483 3736 111
497 3723 511 3748 ,
544 3705 631 3749 ιο,
656 3707 707 3738 ιι.
740 3707 788 3753 9.
1511 3703 1748 3738 servatum
1765 3709 1798 3738 a
1814 3691 2013 3738 ducibus
2030 3691 2268 3748 romanis,
2296 3691 2449 3738 donec
2468 3690 2533 3737 ab

479 3785 528 3830 9.
545 3770 913 3816 Autvulnerum
925 3770 1027 3827 ira,
1045 3769 1225 3826 v.ad1‚
1244 3768 1291 3826 5,
1307 3785 1357 3815 n.
1374 3770 1420 3817 5.
1513 3769 1587 3816 his
1614 3769 1662 3815 in
1700 3770 1853 3817 Italia
1877 3781 2153 3833 pugnatum
2197 3782 2290 3827 cst,
2329 3781 2533 3834 propter

477 3848 598 3895 Car.
617 3849 788 3895 XXX..
824 3864 844 3894 1
859 3883 870 3895 .
898 3849 1101 3895 Incertis
1119 3848 1239 3896 itum
1262 3849 1426 3911 auspi·
1513 3847 1832 3896 vicinitatem.
1853 3852 2118 3911 Postquam
2136 3865 2258 3908 vero
2281 3848 2536 3912 imperium

406 3925 494 3972 ciis
510 3937 607 3982 est;
626 3926 761 3990 cujus
779 3927 851 3973 rei
865 3928 1065 3975 vitium.
1079 3964 1091 3975 .
1106 3926 1302 3983 .vertit·,
1321 3926 1421 3974 vid.
1517 3927 1702 3991 longius
1717 3928 1968 3992 prolatum
1997 3939 2091 3984 est,
2131 3944 2193 3974 ne
2214 3927 2318 3975 dux
2350 3929 2413 3975 ab
2446 3944 2536 3975 ex·

413 4003 476 4060 ad
493 4006 568 4060 ΙΙ,
588 4005 615 4050 3
632 4040 646 4063 ,
663 4021 713 4052 n.
734 4021 782 4052 2.
804 4032 875 4041 —-
896 4005 984 4052 Ad
1003 4006 1272 4071 auspicium
1296 4022 1424 4070 repe·
1514 4006 1662 4066 ercitu
1698 4007 1878 4053 diutius
1913 4006 2124 4063 abesset,
2165 4007 2210 4053 si
2235 4010 2439 4054 Romam
2466 4006 2539 4053 ad

413 4083 631 4141 tendum,
658 4095 751 4132 etc.
779 4084 894 4132 vide
920 4085 983 4133 ad
1001 4086 1064 4147 V,
1096 4101 1154 4146 17
1172 4120 1185 4144 ,
1209 4103 1258 4133 n.
1285 4094 1331 4141 4,
1356 4112 1423 4123 -·—
1514 4086 1820 4143 renovanda,
1851 4085 1930 4134 vel
1956 4085 2122 4149 potius
2150 4086 2413 4150 repetenda
2443 4102 2533 4132 aa·
