3000 4717
413 429 458 465 Α.
486 424 533 463 C.
558 423 651 468 346.

412 484 655 531 ηοω.
859 439 1170 508 LIBER
1219 436 1393 505 vn.
1454 437 1670 504 CAP.
1722 439 1959 506 xxv.
2331 435 2468 510 385

357 565 585 636 dones
628 562 999 648 maritimi,
1043 581 1209 629 cum
1254 554 1714 627 terrestribus
1749 559 2145 653 congressi,
2177 562 2474 658 ancipiti

349 673 573 747 semel
598 670 846 769 praelio
879 667 1353 753 decertarint,
1391 664 1740 762 dubiique
1770 666 2266 737 discesserint
2249 693 2325 738 m
2357 695 2471 743 ca-

356 800 501 856 stra
528 783 745 867 Galli,
765 780 995 851 Graeci
1009 792 1205 848 retro
1223 776 1313 846 ad
1334 799 1591 860 naves,
1610 777 1837 847 victos
1861 801 1968 866 se,
2007 801 2115 905 3¹¹·
2126 777 2471 871 victores,

354 905 712 992 putarent.
764 895 963 960 Inter
1006 887 1144 957 hos
1203 885 1417 982 longe
1468 887 1823 957 maximus
1883 891 2153 962 exstitit
2199 905 2472 982 terror,

352 1002 653 1074 concilia
701 998 1142 1097 populorum
1185 995 1580 1066 latinorum
1632 996 1723 1066 ad
1780 995 2026 1069 lucum
2073 1005 2475 1075 Ferentinae

352 1111 593 1182 habita
624 1138 639 1182 ε
668 1130 1242 1207 responsumque
1275 1102 1471 1175 haud
1503 1104 1922 1203 ambiguum
1950 1108 2474 1207 imperantibus

349 1223 611 1293 milites
645 1218 984 1290 Romanis
1018 1217 1264 1286 datum
1279 1269 1299 1303 ,
1329 1214 1744 1285 absisterent
1769 1221 2122 1311 imperare
2143 1225 2256 1306 iis,
2290 1244 2472 1317 quo-

350 1358 509 1403 rum
542 1332 815 1401 azcxilio
841 1341 1138 1424 egerent.
1177 1327 1471 1394 Latinos
1489 1347 1639 1419 pro
1672 1348 1809 1393 sua
1844 1325 2160 1397 libertate
2182 1335 2430 1424 potius
2446 1385 2468 1418 ,

355 1464 583 1537 quam
625 1463 766 1535 pro
808 1434 1038 1506 alieno
1083 1437 1381 1530 imperio
1401 1484 1421 1514 ,
1470 1434 1738 1503 laturos
1790 1458 2021 1504 arma.
2079 1441 2281 1509 Inter
2325 1441 2473 1511 duo

355 1548 565 1621 simul
580 1547 769 1619 bella
788 1562 1114 1632 externa,
1139 1540 1542 1615 defectione
1567 1544 1780 1614 etiam
1805 1547 2166 1619 sociorum
2185 1566 2475 1625 senatus

353 1661 637 1746 anxius,
667 1682 897 1755 quum
926 1668 1253 1727 cerneret
1269 1668 1470 1725 metu
1490 1654 1877 1745 tenendos,
1913 1681 2099 1753 quos
2120 1656 2301 1733 fides
2324 1687 2478 1734 non

355 1765 782 1856 tenuisset-³³,
825 1764 1218 1837 extendere
1259 1788 1513 1835 omnes
1563 1764 1847 1861 imperii
1894 1767 2084 1838 vires
2138 1771 2472 1844 consules

351 1878 639 1950 delectu
661 1874 1002 1948 habendo
1015 1875 1261 1971 jussit;
1289 1873 1478 1945 civili
1506 1865 1775 1970 quippe
1797 1874 2135 1945 standum
2154 1881 2476 1952 exercitu

350 2013 535 2077 esse,
562 1987 860 2085 quando
892 1985 1168 2058 socialis
1196 1997 1425 2056 coetus
1458 1982 1823 2056 desereret
1837 1986 1889 2054 ⁴¹⁶.
1914 1985 2288 2083 Undique,
2319 2014 2473 2061 non

349 2095 628 2168 urbana
680 2109 962 2166 tantum
983 2149 1003 2183 ,
1049 2093 1173 2165 sed
1217 2096 1432 2164 etiam
1469 2093 1729 2191 agresti
1763 2094 2182 2189 juventute,
2223 2096 2471 2169 decem

351 2208 666 2305 legiones
704 2207 982 2304 scriptae
1018 2191 1360 2276 dicuntur
1398 2218 1837 2301 quaternum
1878 2205 2183 2276 millium
2221 2222 2294 2279 et
2339 2208 2477 2280 du-

350 2341 697 2388 cenorum
765 2318 1090 2415 peditum
1150 2315 1627 2412 equitumque
1693 2328 2192 2404 trecenorum3
2255 2342 2475 2414 quem

353 2450 549 2496 nunc
594 2451 867 2496 novum
902 2428 1294 2497 exercitum
1314 2421 1367 2513 ⁵,
1404 2425 1464 2495 si
1498 2435 1644 2520 qua
1681 2439 1974 2495 externa
2009 2426 2114 2496 vis
2150 2426 2474 2523 ing-ruat,

351 2607 576 2656 rostribus
619 2608 934 2673 praedonibus
953 2641 967 2665 ,
1016 2608 1168 2655 Gallis
1189 2641 1203 2665 ,
1253 2623 1367 2654 eon·

346 2687 524 2753 gressi.
538 2685 817 2750 ..dubiique
830 2720 846 2743 ,
888 2696 1052 2733 utrum
1087 2684 1244 2731 victos
1283 2700 1335 2730 se
1348 2718 1364 2741 ,

349 2781 417 2814 an
442 2765 680 2821 victores,
703 2775 955 2829 putarent.
992 2766 1129 2811 Inter·
1150 2761 1266 2819 laos,
1295 2777 1367 2812 sc.

349 2856 535 2904 motus,
560 2856 736 2893 etc.--
749 2842 965 2891 Concilia
979 2842 1274 2908 populorum
1293 2841 1367 2887 la·

349 2922 560 2972 tinorum
582 2922 657 2971 ad
674 2924 833 2971 lucum
852 2921 1141 2978 Ferentinoe‚
1169 2919 1284 2968 vide
1304 2918 1364 2967 ad

349 3003 401 3059 1,
431 3002 494 3049 50
508 3037 522 3061 ,
546 3020 598 3050 ιι.
620 3018 662 3049 ι.

424 3081 470 3126 3.
500 3082 635 3126 Metu
672 3080 925 3137 tenendos,
959 3095 1079 3144 quos
1097 3077 1234 3146 fides
1263 3091 1362 3124 non

350 3157 606 3212 tenuisset,
645 3158 774 3205 conf.
805 3158 871 3205 ad
902 3161 983 3217 ΙΙ,
1018 3159 1113 3217 63,
1144 3174 1194 3204 ιι.
1225 3158 1279 3215 3,
1314 3167 1365 3205 et

350 3234 530 3292 xxu,
556 3249 648 3293 υ,
674 3251 725 3281 ιι.
745 3250 793 3297 9.

421 3319 471 3367 4.
502 3312 709 3374 Quando
737 3313 930 3361 socialis
952 3325 1098 3362 ooeeus
1122 3314 1364 3362 exercitus

348 3391 613 3446 desereret,
657 3400 865 3448 coetum,
910 3393 1122 3450 coitum,
1157 3393 1362 3452 coujun-

351 3470 565 3517 ctionem
578 3503 591 3527 ,
618 3483 945 3532 congressum.
978 3470 1050 3516 Μ.
1078 3471 1256 3516 Seneca
1286 3469 1362 3516 di-

350 3547 444 3606 cit,
480 3557 653 3594 eoeeum
686 3561 788 3593 esse
825 3546 1139 3593 multitudinis
1171 3545 1364 3610 ma‘gnoe

347 3641 522 3673 nomen
550 3625 763 3672 coeuntis
790 3641 853 3672 ex
876 3640 1106 3673 consensu
1125 3625 1358 3689 quodam.

350 3704 633 3754 Gronovius
649 3704 838 3751 emend.
844 3702 1012 3769 foedus
1028 3704 1276 3751 desereret.
1290 3729 1363 3739 ——

347 3782 569 3833 effendit
592 3782 899 3830 Gronovium
925 3797 1024 3829 vox
1052 3792 1229 3837 coeeus5
1252 3797 1362 3844 quae

351 3863 575 3929 profecto
611 3861 772 3909 minus
796 3861 994 3926 proprie
1018 3860 1100 3907 hic
1132 3870 1362 3924 usurpata

349 3942 559 3990 videtur.
571 3943 792 3989 Fortasse
805 3940 954 3987 deleri
967 3950 1133 4005 posset
1143 3973 1157 3998 ,
1170 3950 1226 3986 ut
1238 3939 1361 3985 male

349 4019 527 4069 inserts
573 4020 647 4067 sb·
681 4019 909 4088 imperito
950 4018 1162 4082 quodam
1199 4032 1362 4065 emen·

351 4097 521 4146 datore
535 4134 549 4158 ,
575 4098 661 4162 qui
687 4115 795 4148 uon
818 4097 1009 4146 videret
1038 4108 1154 4163 post
1182 4111 1364 4144 nomeu

349 4176 569 4233 socialis,
609 4177 934 4243 supplendum
967 4193 1070 4226 esse
1103 4194 1166 4226 ex
1198 4176 1363 4241 priore

543 4265 642 4331 II.

1454 2608 1676 2655 membro
1698 2608 1951 2655 exercitus.
1978 2609 2143 2673 Atque
2164 2626 2269 2657 eam
2291 2610 2353 2658 ab
2373 2626 2475 2659 uuo

1455 2701 1520 2731 ex
1557 2687 1680 2733 MSS
1731 2686 1831 2732 suis
1873 2683 2039 2733 abesse
2076 2697 2279 2736 testatur
2321 2692 2473 2738 Hear-

1453 2763 1582 2810 nius.
1618 2765 1709 2810 En.

1528 2841 1576 2888 5.
1613 2842 1762 2903 Quem
1795 2856 1925 2887 nunc
1960 2856 2134 2888 novum
2170 2844 2437 2892 exercitum
2448 2881 2469 2905 ,

1451 2930 1631 2984 praeter
1658 2934 1743 2966 eos
1763 2918 1848 2981 qui
1867 2918 1968 2977 jam
1991 2930 2105 2967 sunt
2117 2954 2132 2978 ,
2160 2931 2208 2968 et
2226 2937 2290 2967 ex
2304 2922 2470 2980 junio-

1452 2998 1589 3045 ribus
1621 2997 1676 3043 in
1698 2997 1833 3045 Urbe
1864 2995 2199 3057 scribendum,
2231 2999 2276 3046 si
2299 3001 2471 3064 aliqua

1451 3087 1656 3124 exter-na
1679 3076 1783 3132 vis,
1818 3089 1936 3137 gens
1963 3073 2166 3124 barbara
2188 3110 2203 3134 ,
2239 3076 2466 3143 ingruat,

1450 3167 1652 3220 repente
1675 3154 1800 3203 Urbi
1822 3153 2095 3211 immineat,
2125 3153 2205 3201 11oe
2225 3156 2359 3203 vires
2382 3155 2466 3223 (v.

1449 3234 1514 3281 ad
1531 3236 1583 3293 Ι,
1605 3234 1654 3292 5,
1680 3250 1730 3280 ιι.
1753 3233 1799 3296 ι)
1816 3230 1995 3295 populi
2012 3233 2230 3289 romani,
2262 3244 2355 3283 etc.
2380 3237 2470 3284 sed

1449 3313 1529 3361 vel
1558 3314 1628 3360 sic
1655 3310 1981 3378 hyperbolum
2007 3310 2162 3358 inesse
2185 3314 2345 3361 verbis
2363 3349 2377 3373 ,
2410 3321 2468 3362 ut

1450 3391 1503 3438 in
1525 3391 1756 3440 commoti
1785 3401 1833 3438 et
1855 3388 2153 3452 indignantis
2174 3392 2336 3439 verbIs
2363 3405 2467 3446 esse

1450 3471 1575 3518 solet
1594 3505 1609 3529 ,
1652 3471 1888 3525 fatemur3
1932 3466 2194 3517 strothius.
2235 3470 2466 3519 Totidem

1448 3563 1651 3612 quoque
1678 3547 1898 3612 legiones
1927 3547 2029 3606 jam
2063 3563 2176 3595 ann.
2213 3548 2335 3596 Urb.
2364 3551 2466 3598 260

1449 3626 1666 3691 scriptae,
1695 3627 1808 3673 vide
1831 3628 1882 3672 ΙΙ
1899 3659 1912 3683 ,
1942 3626 2023 3673 30.
2051 3652 2122 3662 -—-
2151 3626 2466 3676 Observands

1448 3703 1619 3751 sedulo
1634 3715 1707 3751 est
1718 3721 1819 3751 vox
1834 3720 2031 3761 novum,
2060 3705 2102 3751 si
2124 3704 2234 3767 quis
2253 3717 2465 3754 mentem

1447 3781 1576 3828 Livii
1612 3782 1800 3844 assequi
1833 3782 1968 3830 velit.
2005 3783 2229 3846 Augusto
2265 3785 2464 3848 quidem

1447 3859 1740 3924 imperante,
1754 3858 1864 3922 ipso
1873 3859 2009 3922 pacis
2020 3870 2263 3926 tempore,
2286 3864 2373 3923 23,
2384 3864 2463 3912 vel

1449 3939 1595 3986 etism
1631 3937 1694 3984 25
1732 3936 1946 3999 legiones
1961 3971 1976 3995 ‚
2005 3949 2126 3987 teste
2160 3941 2322 3989 Dione
2361 3943 2466 4002 LV,

1447 4033 1540 4082 per
1568 4013 1845 4081 provincias
1878 4030 2052 4078 sparsae
2084 4027 2235 4065 erant.
2262 4021 2332 4066 At
2360 4021 2467 4069 vult

1449 4096 1642 4153 Livius,
1664 4094 1704 4141 si
1721 4105 1854 4140 novo
1873 4092 2087 4140 exercitu
2099 4126 2113 4150 ,
2137 4094 2192 4140 in
2211 4095 2369 4144 subita
2387 4111 2465 4156 re,

1451 4190 1578 4238 opus
1604 4174 1692 4233 sit,
1713 4171 1844 4220 haud
1869 4171 2008 4219 facile
2036 4181 2226 4219 tantum
2253 4173 2463 4222 militum

1998 4252 2085 4325 25
