3000 4717
515 317 650 404 482

1263 313 1268 316 ’
1362 312 1437 376 Τ.
1500 309 1778 382 LIVII

2232 291 2266 328 Α
2304 290 2347 327 C.
2369 289 2590 334 sna—323.

2230 350 2267 389 U
2300 351 2343 389 C.
2367 350 2587 403 428—429.

513 434 878 505 dirimeret
912 458 933 500 .-
980 451 1231 531 ‘neque
1277 453 1589 525 augures
1639 427 1963 500 divinare
2006 431 2261 499 Romoe
2313 430 2644 504 sedentes

495 549 855 642 Ροίιιιζςεε,
903 538 1089 638 quid
1125 546 1198 610 in
1240 544 1488 610 castris
1534 538 1819 610 consuli
1852 542 2011 607 vitii
2046 537 2461 611 obvenisset.
2514 546 2650 614 Cui

511 678 658 724 non
702 674 1057 749 apparere
1081 703 1103 733 ,
1145 647 1359 745 quod
1382 647 1722 747 plebeius
1763 648 2076 720 dictator
2101 655 2191 720 sit
2201 702 2224 737 ‚
2262 648 2349 722 id
2383 656 2643 724 vitium

508 760 903 858 auguribus
937 766 1227 832 visum?
1271 766 1469 848 Haeo,
1519 760 1800 857 aliaque
1837 758 1930 831 ab
1976 758 2291 832 tribunis
2327 762 2638 856 nequid-

509 897 729 970 quam
757 872 1020 968 jactata
1053 897 1068 939 :
1102 885 1344 966 tamen
1374 871 1461 942 ad
1495 872 1992 967 interregnum
2026 895 2144 942 res
2179 871 2367 944 redit
2405 897 2420 940 ε
2455 872 2635 945 dila-

508 986 747 1080 tisque
768 982 901 1052 alia
921 996 1143 1079 atque
1162 982 1296 1051 alia
1316 980 1406 1052 de
1425 1005 1637 1054 causa
1657 983 1966 1052 comitiis
1979 1035 1998 1069 ,
2017 980 2641 1078 quartusdecimus

509 1093 805 1164 demum
850 1094 1171 1164 interrex
1215 1094 1296 1161 L.
1330 1091 1658 1162 AEmilius
1695 1091 2030 1164 eonsules
2069 1105 2262 1164 creat
2295 1095 2373 1163 C.
2410 1096 2638 1164 Poete-

508 1206 721 1294 lium,
765 1209 841 1275 L.
888 1204 1249 1300 Papirium
1296 1202 1796 1299 Mugillanum.
1854 1203 2321 1282 Cursorem¹4
2368 1202 2445 1272 in
2489 1202 2638 1274 aliis

509 1314 888 1388 annalibus
916 1316 1232 1385 invenio,

603 1430 859 1502 XXIV.
903 1424 1181 1496 Eodem
1218 1449 1412 1496 anno
1453 1387 1960 1498 Alexandriam
2001 1426 2081 1498 in
2121 1428 2425 1521 AEgypto
2467 1449 2639 1522 pro-

509 1536 740 1608 ditum
770 1535 1134 1608 conditam
1156 1544 1176 1575 ¹
1214 1559 1228 1601 ε
1264 1532 1943 1629 Alexandrumque,
1977 1533 2179 1629 Epiri
2206 1540 2517 1629 regem²‚
2545 1533 2637 1603 ab

510 1645 754 1720 exsule
767 1649 1063 1716 Lucano
1079 1642 1568 1730 interfectum,
1586 1657 1817 1716 sortes
1828 1640 2362 1714 dodonaeiJovis
2376 1658 2640 1716 eventu

507 1867 557 1897 n.
572 1866 600 1896 α
617 1885 632 1909 ,
654 1861 704 1897 et
723 1847 828 1897 cic.
849 1847 963 1897 niv.
986 1849 1034 1906 1,
1056 1847 1149 1910 39,
1165 1846 1338 1910 pulmo
1354 1844 1530 1892 incisus

505 1928 691 1977 dirimit
707 1939 893 1993 tempus
907 1923 1157 1991 etprqftert
1172 1923 1316 1971 diem.
1340 1923 1527 1971 Eodem

504 2024 650 2057 sensu
667 2008 848 2056 dicium
867 2009 945 2065 Χ,
965 2022 1089 2068 9,n.
1112 2020 1156 2064 1,
1175 2003 1277 2051 dies
1297 2015 1370 2050 ese
1387 2003 1528 2050 ineer-

504 2088 714 2135 eessione
732 2087 1043 2135 tribunorum
1055 2084 1272 2131 sublatus
1284 2118 1299 2139 ,
1315 2082 1413 2129 hoc
1427 2093 1499 2129 est
1513 2116 1527 2140 ,

504 2166 570 2215 ob
600 2183 705 2214 eam
737 2182 812 2212 res
838 2166 890 2211 in
917 2164 1065 2210 alium
1103 2163 1233 2209 diem
1263 2161 1436 2214 «iilam
1481 2171 1530 2207 et

503 2245 631 2294 diem
652 2243 998 2311 dffndaeaelx
1014 2275 1029 2299 ‚
1047 2239 1140 2299 ³8,
1155 2257 1206 2286 n.
1232 2255 1320 2301 ¹⁰3
1334 2238 1531 2302 &apud

508 2323 633 2371 Gell.
652 2323 795 2378 xlv,
814 2337 842 2367 2
859 2356 874 2380 ,
894 2320 1175 2381 ibidemque
1196 2334 1355 2364 rerum
1375 2317 1531 2384 dissis-

506 2402 662 2449 siones
682 2396 1305 2461 comperendinationesque
1317 2413 1338 2451 ;
1361 2394 1532 2441 confer

506 2481 662 2527 Gron.
676 2476 739 2523 ad
759 2475 885 2522 Gen.
904 2475 1017 2522 loco
1036 2474 1260 2532 laudato;
1281 2473 1446 2536 Sigon.
1469 2472 1531 2519 de

507 2556 625 2605 Jud.
653 2558 704 2613 1,
730 2553 1013 2611 28315entl.
1034 2552 1096 2600 ad
1114 2555 1237 2600 Hor.
1260 2554 1359 2600 Sat.
1382 2555 1457 2610 11,
1483 2567 1529 2611 1,

507 2651 554 2681 v.
579 2649 671 2696 793
691 2635 861 2697 Intpp.
881 2633 1042 2698 legum
1061 2631 1161 2678 XII
1179 2631 1299 2679 Tab.
1325 2643 1373 2679 et
1386 2632 1527 2678 Varr.

508 2716 570 2761 R.
595 2713 656 2760 R.
679 2714 701 2759 1
717 2748 730 2771 ‚
756 2728 803 2759 a.

580 2800 659 2848 14.
684 2791 934 2839 Cursorem
958 2789 1008 2837 in
1038 2789 1150 2838 aliis
1173 2789 1432 2836 annalibus
1455 2789 1530 2835 ἰη-

508 2871 672 2927 venio,
713 2881 761 2917 et
793 2870 891 2917 hoc
920 2869 965 2916 ei
997 2884 1270 2933 cognomen
1298 2867 1530 2915 tribuitur

506 2954 583 3001 lx
600 2987 614 3010 ‚
646 2968 671 3011 7
703 2962 825 2998 extr.
856 2961 904 2997 et
931 2950 982 2995 in
1007 2949 1140 2996 fastis
1169 2948 1378 3012 Capitol.

577 3032 698 3079 Csr.
722 3029 915 3075 XXIV.
949 3043 992 3073 1.
1016 3027 1201 3074 Eodem
1220 3043 1352 3073 anno
1374 3025 1529 3072 Alex·

508 3108 737 3156 andriam
764 3106 814 3153 in
839 3106 1048 3171 AEgypto
1071 3105 1320 3152 conditam
1344 3120 1529 3154 memo·

502 3186 588 3234 riae
604 3187 749 3232 etiam
757 3184 1086 3250 prodiderunt
1102 3184 1299 3232 Solinus
1313 3200 1418 3249 cap.
1444 3185 1529 3242 35,

507 3277 556 3313 et
574 3264 916 3312 Cassiodorus.
941 3263 1123 3310 Confer
1147 3275 1309 3310 tamen
1334 3280 1443 3328 cap.
1471 3263 1527 3323 33

507 3341 716 3391 Diodor.
739 3343 915 3404 xvn,
941 3342 1032 3399 523
1051 3341 1114 3389 ad
1134 3344 1269 3391 Curt.
1291 3344 1381 3399 lv,
1404 3343 1459 3400 83
1479 3353 1529 3389 et

505 3424 538 3470 J
541 3424 686 3469 nstin.
709 3422 786 3468 XI
803 3455 816 3479 ,
848 3437 866 3466 1
883 3436 925 3466 t.
952 3447 1021 3455 —-
1044 3422 1179 3468 Inter
1206 3420 1380 3469 doctos
1408 3437 1529 3468 con-

507 3512 601 3549 stat
622 3516 727 3546 non
755 3499 1002 3547 conditam
1040 3515 1143 3546 esse
1180 3500 1527 3550 Alexandriam

506 3580 603 3627 hoc
621 3594 751 3626 anno
770 3612 784 3636 ,
809 3592 907 3640 quo
928 3576 1157 3624 conditor
1184 3579 1286 3639 ejus
1311 3578 1527 3626 Alexan-

506 3659 591 3706 der
628 3655 880 3722 Babylone
916 3667 1136 3704 mortuus
1176 3668 1273 3713 est,
1312 3657 1398 3704 sed
1440 3673 1528 3704 sex

506 3749 752 3802 septemve
787 3747 899 3782 ante
939 3735 1095 3784 anuis.
1136 3737 1418 3802 suspicatur
1447 3738 1525 3784 Pi-

505 3814 646 3878 ghius
664 3815 718 3864 in
741 3816 873 3861 Anu.
899 3812 961 3860 ad
980 3830 1158 3862 annum
1186 3822 1286 3870 420
1311 3832 1525 3866 errorem

504 3892 660 3951 Livii,
676 3891 751 3939 vel
765 3907 934 3939 eorum
948 3908 1071 3956 quos
1088 3893 1171 3940 bic
1189 3893 1272 3941 ille
1292 3897 1527 3960 sequitur,

508 3980 669 4016 ortum
692 3986 794 4018 esse
817 3987 879 4017 ex
902 3970 998 4017 hoc
1019 3971 1104 4019 illo
1129 3974 1181 4019 L.
1205 3974 1387 4040 Papirii
1406 3975 1527 4028 Cur·

507 4046 631 4092 soris
644 4079 658 4104 ,
686 4057 734 4092 et
753 4048 808 4093 C.
830 4049 1018 4097 Poetelii
1039 4052 1295 4102 consulatu
1309 4086 1324 4111 ,
1347 4054 1409 4102 de
1428 4070 1527 4118 quo

1619 1862 1765 1908 supra
1792 1845 1855 1892 ad
1882 1861 1988 1909 cap.
2023 1859 2101 1906 19·
2130 1845 2212 1892 Ad
2237 1845 2351 1894 illos
2374 1847 2504 1894 enim
2522 1863 2639 1894 cou-

1620 1924 1747 1970 sules
1794 1923 2142 1971 Alexandriam
2194 1926 2443 1972 conditam
2496 1927 2639 1975 refert

1618 2004 1816 2054 Solinus
1835 2001 2076 2067 Polyhist.
2101 2003 2184 2054 36.
2200 2005 2343 2066 Quos
2366 2020 2517 2066 quum
2536 2019 2639 2058 Μ

1618 2082 1955 2130 memoraverit
1971 2082 2136 2129 Livius
2147 2116 2162 2140 ,
2183 2083 2235 2129 in
2254 2084 2477 2131 consules
2493 2084 2640 2144 hujus

1618 2162 1733 2208 anni
1744 2195 1757 2218 ,
1772 2163 1825 2208 L.
1839 2161 2080 2225 Papirium
2095 2162 2417 2225 Mugillanum
2428 2196 2444 2220 ,
2459 2163 2514 2209 C.
2533 2165 2641 2209 1²oe-

1617 2241 1787 2287 teu-n
1810 2240 1983 2287 inanum
1998 2274 2012 2297 ,
2042 2241 2291 2287 nominum
2316 2240 2638 2288 similitudine

1619 2319 1854 2381 deeeptus
1864 2353 1879 2376 ,
1893 2319 2017 2365 male
2032 2317 2194 2378 rejecit
2207 2317 2417 2365 conditae
2426 2317 2640 2366 Alexan·

1621 2397 1740 2443 driae
1764 2407 1968 2460 tempus.
1997 2399 2084 2445 En.

1692 2492 1743 2523 2.
1783 2476 2125 2524 Alexandrum
2152 2474 2292 2540 Epiri
2312 2491 2500 2542 regen,
2542 2488 2636 2527 ete.

1618 2554 1732 2602 vide
1757 2554 1820 2601 ad
1843 2572 1950 2619 cap.
1973 2557 2030 2612 3,
2046 2567 2151 2604 not.
2170 2556 2217 2602 3.
2233 2556 2500 2613 —Setmn
2524 2556 2638 2606 vide

1619 2634 1681 2681 ad
1707 2636 1760 2692 1,
1785 2634 1875 2692 56,
1903 2651 1952 2682 n.
1977 2636 2024 2682 5.
2047 2634 2311 2682 Oraculum
2335 2634 2544 2686 afferunt
2563 2636 2636 2683 si-

1619 2714 1733 2776 goni
1740 2730 1794 2761 us
1808 2724 1856 2760 et
1865 2713 2364 2761 Petr.VictoriusVar.
2375 2715 2507 2762 Lect.
2519 2716 2635 2772 XV,

1626 2796 1688 2842 15
1708 2803 1721 2837 ἕ
1747 2788 1963 2846 Αἰακίδῃ
1981 2828 1996 2855 ,
2020 2791 2307 2862 προφύλαξι»
2332 2794 2489 2861 μολεῖν
2516 2773 2640 2860 Ax!-

1619 2871 1800 2940 ροὺσιον
1819 2866 1950 2940 ὕδωρ
1969 2866 2257 2923 Πανδοσίαν
2279 2876 2342 2936 θ’,
2363 2872 2436 2924 ὅτι
2458 2891 2532 2923 τοι
2553 2872 2638 2923 θά-

1617 2970 1761 3010 νατος
1789 2953 2108 3019 πεπρωμένος
2133 2952 2239 3002 ἔστι
2258 2987 2273 3008 ,
2315 2970 2442 3017 quos
2465 2970 2638 3003 versus

1615 3029 1746 3077 uude
1790 3028 2064 3087 hauserint,
2102 3031 2288 3080 nescio.
2330 3030 2509 3080 Confer
2536 3031 2633 3079 loc.

1616 3109 1753 3157 class.
1778 3108 2048 3167 strahw,
2086 3125 2139 3169 ι,
2174 3110 2227 3171 5,
2256 3126 2368 3175 pag.
2399 3110 2528 3170 256,
2552 3111 2637 3160 ubi

1616 3199 1664 3235 et
1685 3188 1853 3236 eadem
1865 3204 1968 3247 res,
1992 3200 2041 3237 et
2054 3189 2154 3236 ,duo
2170 3190 2389 3246 oracula,
2400 3190 2638 3254 pluraque

1616 3266 1677 3314 de
1692 3267 1947 3316 Pandosia
1964 3279 2311 3318 memorantur.
2327 3269 2472 3320 Conf-
2494 3270 2636 3318 etiam

1615 3347 1794 3396 sustin.
1820 3349 1946 3402 ΧΗ,
1974 3363 2037 3404 23
2075 3374 2141 3383 —
2184 3358 2234 3393 et
2277 3347 2339 3393 de
2366 3348 2636 3410 Pandosia,

1614 3425 1917 3478 Bruttiorum
1929 3438 2013 3476 aut
2026 3429 2333 3474 Lucanorum
2347 3441 2467 3491 op,-
2478 3460 2495 3488 ‚
2507 3428 2634 3491 inpr.

1614 3507 1777 3570 Heyu.
1793 3507 1976 3569 opusc.
1991 3504 2144 3552 Aead.
2164 3514 2286 3552 tom.
2307 3520 2361 3563 α,
2385 3521 2500 3570 pag.
2515 3506 2633 3553 205.

1613 3610 1681 3619 -
1694 3586 1861 3632 Sortes
1876 3583 2122 3636 interdum
2137 3595 2395 3636 sumuntur
2408 3600 2504 3649 pro
2518 3599 2637 3647 quo-

1614 3662 1688 3710 vis
1707 3664 2135 3728 oraculiresponso
2147 3698 2162 3723 ,
2181 3663 2326 3711 etiam
2339 3678 2464 3711 voce
2480 3663 2636 3712 edito.

1614 3741 1709 3790 Hic
1723 3753 1931 3805 possint
1946 3741 2159 3804 intelligi
2177 3757 2304 3792 γεω
2316 3752 2501 3790 sortes:
2522 3758 2636 3789 eon·

1614 3822 1709 3868 sm
1741 3822 1868 3872 enim
1903 3837 1965 3869 ex
1999 3820 2103 3870 Cic.
2126 3820 2191 3867 de
2212 3820 2326 3868 Div.
2353 3822 2405 3879 1,
2436 3820 2528 3880 763
2555 3823 2635 3880 11,

1616 3900 1702 3962 69,
1718 3900 1851 3964 apud
1859 3900 2145 3958 Dodonam,
2164 3911 2342 3964 praetcr
2358 3899 2637 3959 columbas,

1616 3989 1665 4025 et
1689 3994 1920 4042 quercum
1943 3980 2310 4036 vaticinantem,
2333 3989 2383 4028 et
2394 3978 2638 4028 Dodonae-

1615 4072 1700 4118 um
1725 4071 1819 4119 ns,
1852 4059 2001 4110 etiam
2018 4070 2177 4110 sortes
2200 4059 2368 4110 locum
2389 4056 2633 4106 habuisse.
