3000 4717
2382 311 2427 345 A.
2458 309 2501 347 C.
2532 309 2623 358 339.

2379 364 2432 403 U.
2456 369 2500 406 C.
2529 371 2622 414 413.

569 332 612 412 4
628 350 649 393 1
666 327 707 393 8
1407 327 1485 392 Τ.
1551 328 1652 393 LI
1670 327 1729 393 V
1746 327 1825 393 Il

564 471 759 518 mare
786 468 866 516 ac
894 458 1177 516 montes
1198 444 1524 516 consedit
1546 500 1565 534 ,
1587 444 1675 516 ad
1704 444 2163 543 excipiendos
2180 499 2199 533 ,
2220 470 2404 541 quos
2424 448 2678 517 consul

565 556 718 628 aliis
733 567 950 650 atque
965 553 1120 624 aliis
1135 608 1154 642 ,
1175 567 1257 624 ut
1275 567 1443 624 ante
1464 553 1736 625 dictum
1753 567 1860 625 est
1873 610 1891 641 ,
1916 557 2141 626 causis
2154 553 2500 625 mittebat.
2519 561 2558 626 J
2559 581 2675 627 am

560 662 792 736 valida
807 662 1197 734 admodum
1214 687 1522 738 numero
1540 687 1798 734 manus
1813 677 1994 752 erat3
2014 687 2150 735 nec
2167 661 2565 761 quidquam
2580 667 2675 737 ad

558 774 733 869 justi
754 773 1112 844 exercitus
1145 769 1485 855 formam,
1522 786 1779 867 praeter
1804 773 2098 863 ducem,
2117 772 2391 861 deerat3
2412 775 2674 845 incom-

537 884 775 980 positi
809 884 1053 978 itaque
1082 879 1481 978 praedantes
1503 881 1579 952 in
1598 905 1846 978 agrum
1861 881 2197 954 albanum
2215 886 2670 980 perveniunt,

560 1007 634 1065 et
660 992 795 1063 sub
823 993 1002 1090 jugo
1035 990 1226 1062 Albae
1254 995 1518 1087 Longae
1539 1004 1768 1061 castra
1794 991 1983 1061 vallo
2005 993 2328 1089 cingunt.
2349 993 2671 1065 Perfecto

559 1101 728 1173 inde
779 1115 997 1200 opere
1018 1158 1037 1189 ,
1091 1101 1452 1196 reliquum
1507 1100 1648 1171 diei
1696 1101 1786 1171 de
1833 1102 2263 1200 imperatore
2315 1104 2672 1176 sumendo

559 1213 934 1284 sententiis
971 1211 1377 1298 decertant,
1416 1210 1599 1281 nulli
1627 1235 1715 1281 ex
1743 1211 2214 1308 praesentibus
2244 1214 2412 1283 satis
2434 1210 2671 1284 fiden-

557 1336 684 1394 teS.
712 1326 937 1414 Quem
962 1336 1201 1392 autem
1222 1319 1321 1391 ab
1337 1326 1564 1391 Roma
1571 1344 1786 1416 posse
1804 1322 2074 1390 exciri?
2094 1346 2307 1417 quem
2321 1325 2352 1372 4
2368 1328 2670 1392 Patr-um

556 1445 692 1502 aut
711 1429 950 1527 plebis
992 1455 1172 1515 esse,
1214 1436 1346 1526 qui
1369 1446 1499 1499 aut
1521 1454 1597 1500 se
1630 1444 1829 1499 tanto
1857 1431 2186 1526 ‚periculo
2217 1435 2444 1499 sciens
2480 1430 2668 1522 offe·-

553 1556 699 1625 rat,
758 1555 891 1609 aut
942 1546 1062 1609 cui
1110 1563 1206 1609 ex
1260 1541 1527 1633 injuria
1583 1545 1992 1610 insanientis
2049 1544 2400 1609 exercitus
2447 1563 2669 1609 causa

554 1666 736 1720 recte
777 1651 1298 1720 committatur?
1329 1654 1626 1720 Postero
1663 1648 1812 1737 die,
1847 1673 2073 1745 quum
2106 1648 2354 1719 eadem
2393 1647 2665 1719 delibe-

551 1759 735 1828 ratio
763 1772 1076 1843 teneret,
1112 1781 1198 1829 ex
1230 1758 1753 1857 praedatoribus
1789 1760 1979 1856 vagis
2015 1759 2308 1855 quidam
2348 1782 2666 1855 comper-

549 1882 704 1938 tum
762 1869 1180 1941 adtulerunt
1205 1925 1223 1958 ,
1269 1874 1345 1940 T.
1395 1871 1778 1960 Quintium
1832 1871 1908 1939 in
1945 1869 2354 1940 Tusculano
2410 1894 2661 1967 agrum

550 1977 787 2049 colere
807 2032 825 2066 ‚
854 1978 1069 2050 Urbis
1097 1980 1610 2077 honorumque
1644 1981 2161 2051 immemorem.
2195 1981 2511 2050 Patriciae
2541 1978 2659 2050 hic

548 2088 656 2157 vir
689 2091 926 2185 gentis
961 2104 1111 2160 erat
1141 2117 1156 2159 ε
1196 2092 1313 2162 cui
1348 2115 1576 2186 quum
1609 2089 1908 2178 militiae,
1948 2114 2204 2187 magna
2239 2114 2405 2161 cum
2439 2089 2662 2187 gloria

550 2211 757 2284 actae,
785 2197 1008 2268 finem
1035 2223 1162 2295 pes
1191 2198 1370 2270 alter
1393 2224 1479 2269 ex
1511 2196 1808 2268 vulnere
1842 2198 2140 2268 claudus
2161 2197 2440 2269 fecisset
2460 2253 2479 2285 ,
2508 2201 2662 2268 ruri

548 2330 759 2401 agere
797 2310 1011 2378 vitam
1047 2308 1303 2405 procul
1344 2308 1736 2379 ambitione
1774 2330 1856 2378 ac
1891 2306 2053 2379 foro
2091 2309 2481 2379 constituit.
2526 2311 2661 2379 No-

481 2463 666 2537 &cules
691 2487 1044 2555 (oppidulum,
1067 2492 1146 2538 vel
1168 2493 1316 2540 saltus
1340 2494 1396 2539 in
1417 2493 1555 2540 Latio
1642 2503 1774 2549 erat,
1810 2493 2068 2539 ‘voluntate
2096 2480 2364 2557 quidquam
2369 2492 2625 2558 facturum
2636 2511 2658 2550 ,-

533 2568 665 2615 inter
680 2569 856 2616 Anxur
878 2579 927 2616 et
943 2569 1172 2637 Fundos)
1199 2570 1327 2618 saltu
1347 2583 1552 2636 angusto
1640 2571 1745 2617 vim
1771 2569 1995 2617 adhiberi
2023 2588 2084 2618 ae
2120 2583 2296 2619 metum
2313 2570 2519 2636 placuit.
2562 2571 2657 2619 Sed

532 2646 657 2693 inter
672 2662 808 2694 mare
826 2662 888 2693 ae
908 2660 1117 2705 montes,
1139 2647 1255 2698 vide
1272 2649 1336 2697 ad
1354 2652 1443 2709 IV,
1467 2651 1550 2712 59,

531 2744 582 2775 ιι.
607 2743 634 2775 a
660 2745 675 2785 ;
702 2738 751 2775 et
776 2729 956 2787 XXII,
990 2729 1077 2789 15,
1101 2746 1153 2779 n.
1178 2730 1226 2777 6.
1261 2729 1548 2787 Λαυστόλας

531 2816 677 2853 vocat
708 2805 919 2853 Diodor.
949 2808 1102 2866 XIX,
1129 2825 1180 2873 p.
1212 2823 1329 2867 711·
1366 2810 1551 2856 Locum

533 2885 661 2933 forte
679 2884 929 2933 alavando
948 2885 1134 2934 dictum
1146 2898 1313 2935 monet
1326 2886 1475 2934 Drak.
1495 2899 1551 2935 ut

530 2963 680 3009 alium
705 2965 902 3022 Romae,
933 2962 1012 3011 vel
1041 2977 1174 3012 extra
1199 2965 1410 3023 Urbem;
1439 2964 1550 3011 vide

531 3043 657 3088 Fest.
675 3051 724 3087 et
742 3042 883 3088 Varr.
906 3044 960 3087 L.
978 3044 1033 3089 L.
1054 3045 1144 3101 IV,
1160 3059 1215 3107 p.
1248 3044 1329 3103 37.

601 3117 649 3164 4.
673 3111 822 3171 Quem
835 3113 1039 3158 Puerum
1056 3124 1147 3160 aut
1146 3113 1303 3176 plebis
1323 3128 1443 3168 esse,
1463 3113 1552 3176 qui

530 3198 622 3234 auc
635 3201 686 3233 se
705 3198 841 3234 tanto
854 3189 1074 3251 periculo
1097 3190 1248 3236 sciens
1264 3201 1313 3237 et
1333 3189 1459 3236 ultro
1477 3190 1547 3254 of

516 3262 682 3329 firae,
722 3264 896 3312 ducem
928 3265 969 3312 si
997 3266 1277 3313 insanientis
1308 3267 1546 3314 exercitus

528 3359 581 3391 se
601 3340 887 3407 profiteatur
902 3376 917 3401 ,
943 3356 1033 3390 aut
1053 3345 1134 3391 eui
1153 3343 1432 3392 insanientis
1458 3361 1545 3392 ex·

529 3420 701 3467 ercitus
749 3436 901 3467 causa
940 3431 1067 3467 recte
1077 3456 1094 3478 ,
1147 3421 1251 3468 sine
1289 3422 1539 3487 periculo,

527 3497 856 3546 committatur
885 3514 949 3544 ea:
976 3496 1155 3563 injuria
1183 3499 1265 3562 (ut
1284 3511 1452 3547 contra
1477 3517 1543 3548 ex

512 3573 658 3643 jure)
670 3610 684 3635 ‚
703 3575 743 3622 si
762 3575 825 3623 ad
842 3575 1098 3639 imperium
1122 3576 1417 3641 ductumque
1436 3580 1538 3640 ejus

524 3652 888 3717 suscipiendum
924 3664 1124 3718 cogatur
1160 3655 1293 3708 vi‚et
1334 3658 1511 3717 injuria
1527 3691 1541 3716 ,

494 3779 498 3786 ,
526 3733 710 3780 Stroth.
750 3733 838 3796 qui
881 3733 1159 3780 conferebat
1202 3734 1430 3782 formulas
1474 3753 1539 3783 ea·

524 3809 680 3857 edicto
719 3811 890 3859 bellum
916 3827 1085 3876 gerere
1113 3828 1132 3857 1
1148 3845 1163 3871 ,
1189 3828 1251 3873 27
1268 3847 1282 3871 ,
1309 3829 1373 3860 ea:
1405 3813 1532 3879 Iege,

520 3901 584 3932 ex
602 3890 1046 3947 Senatusconsulto,
1073 3906 1138 3937 ex
1155 3891 1446 3939 auctoritate
1463 3908 1538 3939 se-

518 3973 691 4020 natus,
741 3982 805 4012 ex
833 3968 1091 4030 proeeeptis
1103 4003 1120 4025 ‚
1170 3985 1235 4016 ex
1267 3970 1503 4018 sententia
1515 4006 1532 4028 ‚

514 4046 607 4085 ete.
623 4072 637 4096 ,
674 4050 722 4085 et
750 4043 895 4089 verba
928 4060 1046 4091 mox
1071 4063 1207 4109 seqq.
1222 4064 1406 4110 parum
1434 4049 1541 4112 spei

1638 2647 1918 2714 expeditior
1954 2649 2149 2697 videtur
2179 2651 2306 2699 ratio
2344 2666 2536 2707 eorum,
2571 2651 2658 2712 qui

1632 2727 1844 2790 jungunt
1869 2742 2019 2773 eausa
2043 2728 2281 2776 exercitus
2302 2745 2365 2776 ex
2385 2727 2565 2792 injuria
2588 2728 2657 2773 in-

1635 2803 1889 2861 sanientis,
1932 2804 2029 2852 hoc
2058 2818 2154 2864 est,
2179 2818 2386 2871 propter
2407 2817 2656 2869 acceptam

1638 2883 1704 2943 inj
1711 2882 1862 2929 uriam
1875 2884 2146 2931 exacerbati
2162 2896 2210 2932 et
2223 2885 2442 2942 furentis,
2457 2896 2512 2931 ut
2524 2885 2656 2947 apud

1637 2962 1830 3008 Terent.
1861 2961 1958 3009 Ad.
1982 2964 2059 3020 11,
2082 2978 2102 3008 1
2123 2997 2137 3020 ‚
2164 2980 2215 3011 ιι.
2237 2964 2326 3022 43;
2352 2963 2546 3009 minime
2564 2963 2651 3008 mi·

1635 3053 1749 3095 ror,
1775 3037 1861 3101 qui
1876 3038 2088 3085 insanire
2109 3039 2351 3105 occipiunt
2367 3058 2431 3087 ea:
2452 3040 2650 3104 injuria.

1635 3116 1817 3165 Confer
1839 3115 1901 3164 ad
1919 3118 2175 3176 XXXIII,
2214 3120 2300 3179 18,
2327 3135 2377 3166 n.
2409 3121 2465 3178 63
2485 3121 2651 3177 XXV,

1635 3195 1734 3252 26,
1760 3209 1810 3240 n.
1843 3183 2131 3254 73xxV1‚
2160 3196 2257 3255 45,
2284 3213 2333 3244 ιι.
2366 3198 2651 3257 1;xxx1,

1637 3272 1732 3330 36,
1773 3286 1821 3318 n.
1859 3272 1906 3319 3.
1946 3275 2178 3335 Quaenam
2216 3291 2332 3322 vero
2360 3273 2443 3322 illa
2474 3275 2650 3335 injuria

1632 3349 1778 3397 fuerit
1795 3385 1810 3408 ‚
1827 3361 1990 3398 utrum
2009 3353 2277 3400 ludificatio
2297 3353 2404 3411 illa,
2426 3370 2520 3416 qua
2539 3370 2652 3401 con-

1631 3428 1706 3475 sul
1731 3429 2043 3478 missionibus
2076 3431 2464 3479 turbulentorum
2493 3431 2647 3478 homi-

1630 3523 1745 3552 num
1775 3508 2035 3556 eonsilium
2071 3509 2251 3572 Capuae
2283 3509 2542 3572 Campanis
2563 3510 2648 3556 ad-

1628 3584 1833 3631 imendae
1872 3586 2212 3650 impediverit,
2248 3602 2310 3633 an
2353 3588 2521 3650 potius
2556 3588 2647 3635 alia

1629 3662 1774 3709 nobis
1801 3664 1992 3726 ignota,
2029 3663 2161 3727 quod
2192 3680 2253 3710 ex
2286 3681 2393 3729 cap.
2433 3674 2526 3725 41,
2557 3675 2644 3725 42,

1628 3740 1885 3804 probabile
1901 3740 1978 3797 fit,
1996 3757 2098 3788 non
2112 3741 2226 3788 satis
2239 3742 2409 3805 liquet.
2429 3745 2645 3792 Omnino

1625 3817 1845 3867 dolemus
1862 3852 1876 3877 ,
1910 3813 2163 3867 historiam
2180 3819 2326 3881 hujus
2347 3822 2646 3882 conjuratio—

1624 3896 1726 3954 nis,
1756 3914 1864 3960 quae
1898 3898 2159 3945 admodum
2190 3901 2517 3948 memorabilis
2545 3912 2651 3960 est,

1623 3990 1796 4039 parum
1821 3976 2077 4041 perspicue
2096 3976 2226 4024 tradi
2252 3994 2280 4025 a
2299 3979 2440 4026 Livio
2464 3979 2647 4042 iisque,

1624 4068 1749 4115 quos
1776 4055 2049 4113 consuluit3
2090 4056 2204 4103 vide
2241 4072 2347 4123 cap.
2387 4066 2471 4113 42.
2509 4059 2647 4108 Nota
