3000 4717
445 369 492 405 A.
521 368 567 405 C.
590 366 664 404 3⁸2

446 425 680 479 u.c.370.
814 385 1123 453 LIBER
1178 384 1307 452 VI.
1363 383 1577 451 CAP.
1640 384 1851 452 XIV.
1903 385 2064 453 XV.
2361 376 2499 451 265

387 506 645 603 gallici
665 511 841 580 auri
871 505 1220 578 occultari
1264 531 1313 576 a
1339 506 1677 577 Patribus
1708 506 1879 601 jecit
1920 532 1936 575 z
1977 528 2111 575 nec
2131 505 2299 597 J'am
2326 529 2501 600 pos-

389 618 705 690 sidendis
733 615 1049 716 ¹publicis
1082 623 1276 710 agris
1313 632 1676 688 contentos
1713 640 1894 700 esse,
1953 619 2088 684 nisi
2115 621 2506 708 pecuniam

389 751 681 825 quoque
699 716 1077 824 publicam
1112 740 1442 802 avertant
1467 754 1488 797 .·
1529 752 1622 798 ea
1653 751 1759 800 res
1790 731 1858 797 si
1872 724 2139 824 palam
2154 724 2342 825 fiat,
2378 749 2503 796 ex*-

385 836 561 910 solvi
577 835 866 934 plebem
902 861 1048 908 oere
1087 836 1326 909 alieno
1349 862 1586 934 posse.
1633 840 1810 928 Quae
1845 835 1974 908 ubi
2012 833 2294 929 objecta
2343 859 2506 931 spes

387 961 528 1036 est,
566 948 935 1026 enimvero
963 946 1341 1045 indignum
1383 947 1664 1021 facinus
1693 947 1957 1035 videri3
1997 969 2226 1042 quum
2259 944 2507 1017 confe-

384 1056 697 1134 rendum
724 1056 814 1127 ad
835 1057 1331 1139 redimendam
1361 1060 1718 1132 civitatem
1750 1084 1787 1130 a
1817 1058 2040 1129 Gallis
2068 1080 2327 1129 aurum
2351 1053 2508 1152 fue&

385 1168 479 1236 rit
502 1221 520 1254 ,
573 1165 847 1238 tributo
897 1168 1354 1242 collationem
1393 1167 1654 1240 factam
1680 1178 1736 1208 ¹¹
1774 1194 1788 1237 :
1835 1166 2029 1238 idem
2070 1187 2366 1254 aurum,
2418 1190 2509 1235 ex

385 1274 733 1349 hostibus
755 1292 1044 1375 captum
1062 1334 1081 1367 ,
1119 1280 1196 1349 in
1227 1303 1625 1376 paucorum
1663 1275 1980 1373 praedam
2014 1277 2329 1347 cessisse.
2363 1281 2506 1347 Ita-

387 1409 531 1481 que
559 1388 1141 1483 exsequebantur
1180 1388 1675 1484 quaerendo¹²‚
1716 1385 1844 1457 ubi
1871 1400 2083 1457 tantae
2105 1388 2211 1456 rei
2237 1384 2510 1456 furtum

386 1496 901 1584 occultaretur3
941 1495 1470 1593 differenteque
1487 1550 1507 1582 ‚
1550 1512 1622 1567 et
1668 1511 1995 1593 tempore
2039 1521 2171 1567 suo
2210 1521 2291 1567 se.
2317 1495 2507 1568 indi-

387 1619 714 1675 caturum
741 1606 1062 1693 dicente,
1093 1607 1365 1701 eaeteris
1394 1606 1670 1676 omissis
1688 1659 1707 1690 ‚
1747 1628 1833 1675 eo
1862 1628 2080 1676 versae
2118 1616 2323 1676 erant
2350 1626 2507 1673 om-

388 1714 592 1784 nium
631 1739 819 1788 eurae
862 1743 876 1785 ε
917 1714 1456 1813 apparebatque
1481 1769 1500 1800 ,
1556 1738 1691 1786 nec
1729 1715 1879 1784 veri
1919 1713 2165 1786 indicii
2205 1713 2511 1810 gratiam

397 1823 746 1924 mediam,
787 1850 922 1897 nec
964 1823 1120 1896 falsi
1143 1823 1619 1898 offensionem
1654 1822 1831 1922 fore.

467 1933 653 2012 XV.
699 1942 809 2009 Ita
847 1941 1209 2037 suspensis
1244 1938 1538 2026 rebus1‚
1567 1937 1910 2026 dictator,
1944 1939 2210 2008 accitus
2254 1934 2346 2006 ab
2385 1961 2509 2004 ex-

387 2048 645 2132 ercitu,
706 2050 788 2122 in
822 2048 1098 2124 Urbem
1136 2050 1337 2122 venit
1376 2077 1393 2120 ε
1432 2063 1728 2147 postero
1766 2048 1885 2120 die
1932 2061 2187 2120 senatu
2218 2044 2472 2116 habito
2489 2099 2508 2134 ‚

386 2183 615 2254 quum
633 2214 652 2248 ‚
701 2161 867 2231 satis
908 2160 1349 2257 periclitatus
1385 2159 1792 2234 voluntates
1826 2157 2242 2245 hominum,
2280 2154 2508 2226 disce-

385 2374 633 2425 thesauros
654 2378 826 2444 gallici
844 2379 959 2427 auri
984 2378 1063 2445 (v.
1074 2380 1139 2436 V,
1168 2380 1232 2434 48
1257 2376 1403 2443 extr.)
1489 2377 1692 2435 vicisse,
1725 2376 1820 2424 nisi
1839 2376 2098 2442 jurarent,
2130 2376 2164 2421 i.
2193 2391 2236 2422 e.
2268 2373 2357 2422 sed
2385 2371 2510 2421 velle

386 2455 625 2501 occultari
647 2473 682 2504 a
707 2458 933 2504 Patribus
949 2457 1075 2523 jecit
1096 2475 1114 2504 .·
1136 2469 1405 2508 extremum

387 2547 499 2579 voe.
515 2532 642 2596 jecit
666 2534 926 2582 delendum
951 2536 1155 2600 putabat
1179 2538 1405 2584 Gronov.

386 2620 437 2657 et
454 2622 570 2675 post
588 2611 713 2659 inter
723 2629 842 2676 quos
853 2614 1101 2662 subintell.
1121 2626 1241 2661 erat.
1262 2616 1406 2663 Confi

388 2701 551 2737 tamen
570 2689 703 2752 adl,
731 2693 780 2750 3,
810 2709 859 2739 n.
883 2693 931 2740 8.
958 2691 1410 2741 «Aliudvitiilatet

387 2769 441 2816 in
460 2769 622 2817 verbis
638 2785 788 2834 quum
800 2770 973 2818 omisso
984 2804 997 2817 .
1011 2806 1025 2818 .
1038 2804 1051 2818 .
1059 2770 1265 2834 jaceret.
1274 2771 1410 2832 Quid

387 2849 522 2897 enim
544 2850 812 2915 respondet
833 2856 907 2920 τῷ
927 2856 1112 2915 quum?
1130 2851 1255 2899 Nam
1266 2851 1409 2916 jaee-

385 2939 462 2975 ret
470 2929 655 2993 pendet
670 2930 733 2979 ab
747 2946 813 2977 an
828 2942 877 2979 et
890 2930 1072 2978 omisso
1090 2947 1166 2977 ne.
1181 2932 1310 2993 Ergo
1325 2941 1409 2978 aut

386 3005 703 3068 ἀνακόλουθος
726 3009 885 3056 oratio
912 3020 1013 3069 est,
1039 3020 1123 3057 aut
1153 3025 1301 3072 quum
1328 3009 1409 3056 de·-

1492 2458 1638 2505 etiam
1653 2457 1816 2517 jurare
1835 2457 1891 2504 in
1916 2472 2051 2514 eum3
2078 2457 2249 2503 Bauer.

1570 2552 1649 2585 ιι.
1675 2538 1929 2585 Enimvero
1949 2538 2092 2605 (vide
2108 2538 2171 2585 ad
2191 2538 2241 2595 1,
2264 2534 2348 2593 51,
2373 2551 2424 2582 n.
2451 2530 2512 2598 4)

1494 2614 1744 2679 indignum
1748 2615 1954 2680 facinus
1976 2617 2165 2672 videri,
2197 2616 2334 2680 quod
2351 2611 2514 2678 confe-

1496 2694 1699 2740 rendum
1715 2727 1728 2741 .
1744 2728 1757 2740 .
1777 2730 1790 2743 .
1811 2694 2155 2759 aurumfiierit
2166 2730 2182 2752 ,
2213 2695 2390 2743 tributo
2419 2692 2516 2740 col-

1496 2772 1682 2818 latione
1691 2771 1843 2836 sacta
1868 2773 1953 2838 (ut
1985 2774 2040 2820 in
2073 2773 2363 2836 quibusdam
2388 2773 2515 2820 Mss

1494 2848 1727 2914 legitur),
1767 2850 1893 2897 idem
1937 2867 2111 2897 aurum
2124 2885 2141 2907 ‚
2182 2862 2276 2899 etc.
2321 2850 2514 2898 emend.

1495 2929 1644 2975 Doer.
1668 2954 1739 2964 —-
1760 2931 1843 2975 Ex
1874 2928 2086 2976 hostibus
2119 2940 2314 2991 captum
2330 2964 2344 2984 ,
2381 2942 2515 2975 rece-

1493 3018 1635 3072 ptum
1649 3042 1664 3066 ‚
1694 3017 2045 3072 recuperatum.
2063 3033 2135 3043 -—-
2155 3007 2216 3052 In
2241 3022 2517 3070 paucorum

386 3083 584 3133 lendum
600 3120 614 3145 ‚
649 3098 698 3134 et
736 3099 853 3151 post
888 3104 1029 3146 vana
1059 3080 1409 3151 interpinngen-
1487 3086 1716 3149 praedam
1744 3085 1936 3134 cessisse
1950 3120 1966 3142 ,
2007 3097 2063 3133 ut
2092 3086 2282 3149 proedoe
2315 3086 2513 3143 XLIII,

388 3161 505 3210 dnm
518 3197 534 3221 ‚
559 3176 615 3213 ut
635 3178 794 3220 essent
816 3167 1124 3232 suppleatur,
1151 3178 1199 3214 et
1220 3166 1413 3232 jaceret
1505 3180 1596 3227 193
1628 3177 1677 3213 et
1700 3182 1855 3229 poena
1888 3164 1938 3211 in
1973 3165 2132 3212 vicem
2145 3163 2280 3232 fidei
2309 3174 2519 3212 cesserat·

389 3241 623 3290 referatur
640 3244 704 3291 ad
726 3261 873 3308 quum
880 3263 903 3303 ;
920 3257 1003 3293 aut
1008 3245 1207 3311 jecisset
1225 3261 1316 3310 pro
1329 3246 1409 3310 je-

388 3317 456 3366 cit
485 3320 770 3383 legendum,
795 3334 852 3370 ut
875 3322 1023 3371 verba
1037 3358 1051 3383 ‚
1074 3340 1185 3387 quoe
1218 3324 1302 3371 ubi
1325 3325 1408 3371 ob·

376 3398 517 3463 jecta
550 3414 655 3463 spes
696 3411 769 3447 ese
802 3401 887 3448 rel.
929 3403 1027 3449 sint
1064 3403 1407 3465 consequentis

390 3476 533 3537 loeo;
555 3500 581 3519 ι»
616 3480 783 3526 Bauer.
813 3480 991 3526 Omnia
1016 3481 1161 3544 plana
1190 3492 1329 3538 sunt,
1365 3484 1410 3529 si

386 3555 565 3619 legeris
585 3573 736 3620 quum
757 3557 929 3606 omisso
949 3558 1124 3624 (sine)¹
1137 3558 1410 3607 discrimine

386 3650 512 3682 vera
532 3651 594 3682 ae
611 3651 753 3683 vana
764 3636 969 3699 jaceret.
986 3664 1057 3673 -
1078 3638 1247 3685 Nostri
1265 3640 1408 3686 ambo

386 3713 568 3761 babent
593 3730 675 3761 an.
706 3716 797 3761 En.
819 3741 891 3751 -—-
916 3712 1020 3762 Nee
1030 3715 1143 3779 jam
1161 3717 1410 3778 possiden-

386 3791 463 3839 dis
479 3793 688 3856 publicis
714 3792 844 3857 agris
878 3805 1128 3841 contentos
1158 3810 1286 3851 esse,
1316 3798 1412 3845 nisi

377 3871 641 3934 pecuniam
645 3872 895 3935 publicam
909 3884 1130 3920 avertant
1143 3873 1263 3937 (vid.
1280 3875 1343 3921 ad
1358 3878 1382 3922 1
1392 3910 1409 3936 ‚

389 3964 447 4008 7,
483 3966 536 3998 ιι.
569 3950 657 4016 6),
688 3950 744 3998 id
767 3961 868 4010 est,
896 3950 980 3998 sed
1013 3952 1162 4011 velle,
1201 3969 1403 4017 cupere,

388 4030 559 4077 conari
595 4031 739 4078 etiam
777 4030 1035 4094 pecuniam
1075 4042 1290 4079 avertere
1306 4066 1320 4090 ‚
1354 4044 1409 4081 ut

387 4108 646 4169 xum,
678 4118 761 4171 47,
786 4126 836 4158 ιι.
867 4111 923 4169 3,
958 4127 1053 4158 non
1085 4111 1205 4160 satis
1229 4112 1407 4159 habere

1497 3244 1615 3293 infr.
1644 3261 1752 3310 cap.
1782 3246 1845 3300 34
1867 3260 1944 3309 pr.

1575 3340 1654 3372 ια.
1682 3326 1861 3388 Itaque
1887 3323 2275 3386 exsequebantur
2299 3337 2521 3386 quaeren-

1494 3402 1586 3460 do,
1608 3403 1724 3452 vide
1744 3404 1812 3451 ad
1832 3405 1898 3463 V,
1930 3402 2010 3461 15,
2034 3419 2085 3450 ιι.
2116 3418 2162 3462 7.
2181 3428 2252 3438 --
2270 3402 2516 3458 Mediam,

1496 3481 1610 3529 vide
1640 3482 1706 3532 ad
1731 3485 1806 3541 11,
1836 3490 1930 3545 49,
1962 3497 2012 3546 ιι.
2047 3482 2097 3528 6.
2135 3480 2314 3527 Gratia
2340 3479 2405 3526 ad
2430 3496 2517 3544 po-

1495 3562 1667 3624 pulum
1682 3595 1697 3619 ‚
1723 3559 1925 3625 offensio
1955 3559 2018 3607 ad
2044 3563 2208 3608 Patres
2234 3570 2449 3624 spectat,
2469 3569 2519 3607 et

1495 3640 1709 3687 mediam
1730 3639 1794 3685 ad
1814 3650 2067 3702 utramque
2091 3656 2281 3687 vocem.

1569 3719 1692 3766 ΟΛ».
1720 3719 1837 3766 XV.
1872 3735 1914 3765 ιι
1953 3720 2038 3765 Ita
2072 3717 2309 3782 suspensis
2346 3718 2517 3778 rebus,

1495 3806 1553 3843 ut
1579 3793 1685 3845 Cic.
1708 3811 1801 3860 pro
1825 3796 2003 3855 domo,
2029 3812 2136 3860 cap.
2168 3797 2264 3855 363
2289 3812 2518 3860 suspensa

1498 3891 1562 3921 ae
1585 3875 1795 3922 sollicita
1814 3874 2031 3932 civitate,
2061 3886 2109 3922 et
2126 3890 2219 3922 nos
2234 3875 2347 3923 :hei
2364 3875 2520 3925 dieser

1499 3953 1682 4010 Krisis,
1716 3952 1970 3999 kritisclzen
2004 3956 2138 4019 Lage
2175 3954 2262 4001 der
2297 3955 2482 4002 Sachen
2496 3990 2513 4013 ‚

1497 4033 1683 4084 Stroth.
1717 4032 1900 4082 Confer
1934 4031 1996 4079 ad
2034 4034 2114 4092 Π,
2156 4033 2217 4081 32
2242 4069 2256 4092 ‚
2286 4050 2335 4082 n.
2380 4034 2517 4082 5.-

1495 4111 1930 4175 δαειέςρανίοἶίεαειιε
1945 4111 2223 4160 voluntates
2240 4112 2508 4171 hominum,
