3000 4717
2120 309 2170 346 Α.
2190 305 2240 346 o.
2268 307 2493 358 395-394.

449 365 475 409 1
491 337 581 410 56
1301 343 1376 407 Τ.
1442 342 1546 409 LI
1562 338 1716 409 VII
2121 367 2175 407 u.
2191 366 2237 406 c,
2266 367 2499 425 ³⁵7—3ss„

436 459 619 532 facta
638 472 807 530 sunt
832 482 921 530 ex
946 460 1591 532 senatusconsulto.
1623 463 2025 549 Interreges
2043 462 2188 521 tres
2206 447 2546 543 deinceps

437 569 639 642 fuere
659 566 715 658 ⁵,
760 575 835 642 L.
866 570 1224 660 ValeriuS,
1261 576 1348 663 Q.
1392 570 1730 642 Servilius
1772 564 2069 637 Fidenas
2089 614 2110 648 ,
2149 563 2247 630 M.
2289 559 2546 629 Furius

438 681 800 752 Camillus.
831 686 1219 780 Nunquam
1252 682 1559 752 desitum
1591 678 1881 750 interim
1910 670 2222 757 turbari,
2260 667 2550 738 comitia

431 791 1064 890 interpellantibus
1116 791 1427 863 tribunis
1479 789 1710 889 plebis
1734 844 1753 878 ,
1804 787 2037 857 donec
2099 778 2551 852 convenisset

435 903 636 998 prius
653 956 672 990 ,
719 919 800 973 ut
846 905 1083 997 major
1114 928 1291 999 pars
1343 901 1790 986 tribunorum
1837 895 2137 968 militum
2192 915 2287 961 ex
2328 885 2550 986 plebe

436 992 843 1096 mentetua(
851 1018 1028 1105 Quae
1065 1013 1238 1084 dum
1272 1025 1585 1109 aguntur
1599 1065 1618 1099 ,
1655 1007 1970 1080 concilia.
1989 1001 2288 1076 Etruriae
2324 997 2414 1069 ad
2450 994 2548 1067 fa-

433 1146 614 1191 num
651 1123 1058 1194 Voltumnae
1095 1121 1338 1193 habita
1352 1117 1409 1210 ⁶,
1447 1116 2125 1218 postulantibusque
2170 1114 2320 1205 Cap
2366 1106 2549 1176 nati-

435 1229 574 1301 bus
609 1256 690 1304 ac
726 1233 1009 1304 Faliscis
1027 1287 1047 1321 ,
1078 1246 1161 1303 ut
1189 1233 1404 1304 Veios
1433 1226 1803 1302 communi
1834 1225 2076 1295 animo
2104 1218 2306 1291 consi
2338 1217 2550 1311 'oque

434 1364 687 1414 omnes
703 1344 1001 1414 Etruriae
1021 1340 1278 1440 populi
1303 1367 1392 1413 ex
1420 1338 1800 1412 obsidione
1830 1334 2221 1430 eriperent,
2250 1349 2551 1423 respon·
2633 1390 2637 1395 .

437 1479 596 1524 sum
633 1468 739 1526 est
770 1482 784 1522 z
834 1472 1050 1526 antea
1085 1481 1163 1527 se
1197 1455 1280 1525 id
1309 1448 1713 1525 Veientibus
1747 1467 2076 1542 negasse,
2115 1444 2323 1538 quia,
2366 1431 2556 1507 unde

438 1563 814 1635 consilium
854 1589 1004 1635 non
1032 1571 1374 1660 petissent
1399 1585 1619 1658 super
1646 1571 1853 1630 tanta
1879 1579 1990 1639 re,
2026 1549 2392 1623 auxilium
2411 1567 2551 1644 pe-

438 1688 583 1742 tere
618 1697 764 1744 non
794 1673 1136 1743 deberent
1144 1702 1171 1759 ,·
1205 1697 1398 1742 nunc
1418 1673 1589 1765 jam
1609 1693 1753 1767 pro
1795 1692 1866 1738 se
1884 1679 1909 1723 ⁷
1921 1666 2316 1757 fortunam
2345 1678 2558 1728 suam

439 1779 577 1852 illis
625 1807 939 1878 negare5
984 1786 1307 1853 maxime
1343 1788 1416 1851 in
1456 1805 1544 1851 ea
1572 1794 1786 1877 parte
1819 1769 2218 1848 Etruriae⁸.
2263 1773 2560 1840 Gentem

423 1975 676 2040 ,interrege
696 2011 711 2037 ,
736 1978 1017 2042 magistratu
1038 1944 1423 2026 extraordinario
1436 2010 1450 2034 ,
1541 1972 1725 2022 Confer
1743 1969 1806 2017 ad
1828 1970 1918 2028 IV,
1941 1970 2004 2015 30
2021 2001 2036 2025 ,
2054 1981 2104 2012 ιι.
2126 1965 2157 2010 6
2170 1982 2183 2023 ;
2197 1965 2271 2011 VI
2287 1995 2302 2020 ,
2321 1963 2386 2008 28
2399 1995 2413 2018 ,
2435 1976 2485 2006 ιι.
2501 1974 2560 2017 ας

440 2055 558 2102 novi
575 2056 879 2120 magistratus
897 2056 1094 2104 creandi
1116 2066 1277 2115 erant,
1304 2069 1454 2118 quum
1542 2048 1693 2108 VIII,
1724 2049 1788 2099 23
1807 2081 1821 2106 ,
1847 2063 1897 2093 n.
1927 2047 2015 2103 133
2038 2045 2190 2099 VIII,
2232 2043 2295 2088 3ο
2323 2054 2425 2103 pr.;
2452 2038 2561 2095 IX,

418 2143 626 2182 ·veteres
640 2168 656 2195 ,
682 2136 911 2201 auspiciis
936 2151 1042 2184 non
1061 2136 1153 2184 rite
1176 2135 1355 2200 captis,
1377 2132 1456 2180 vi-

439 2210 507 2258 tio
538 2214 693 2261 creati
721 2231 847 2272 esse,
887 2214 1107 2279 adeoque
1131 2229 1223 2261 nec
1252 2212 1457 2261 feliciter

439 2290 560 2351 quid
586 2294 682 2356 ipsi
706 2309 869 2356 gerere
883 2329 897 2352 ,
923 2310 1014 2341 nec
1042 2307 1342 2341 successores
1365 2292 1458 2336 rite

441 2383 600 2417 creare
620 2386 763 2434 posse
776 2371 1071 2419 viderentur.
1084 2371 1211 2418 Nam
1224 2368 1298 2434 (ut
1311 2369 1459 2416 verba

441 2447 632 2495 Ernesti
662 2449 716 2508 in
741 2449 862 2496 clav.
888 2449 992 2497 Cic.
1016 2464 1121 2497 mea
1144 2447 1348 2510 faciam)
1380 2447 1458 2494 vi-

442 2525 561 2572 tium
578 2526 631 2574 in
649 2527 859 2574 comitiis
878 2539 950 2575 est
967 2522 1146 2575 malum
1164 2527 1434 2591 auspicium
1446 2560 1462 2585 ,

445 2614 495 2651 et
508 2604 748 2670 quidquid
766 2606 961 2654 comitia
976 2606 1239 2656 dissolvere
1258 2617 1306 2654 et
1325 2606 1462 2653 irrita

445 2682 651 2732 reddere
677 2695 841 2749 potest
866 2698 880 2734 ε
908 2701 1055 2749 quare
1083 2686 1126 2733 si
1151 2685 1272 2749 quid
1296 2685 1349 2732 in
1376 2700 1462 2732 eo·

442 2762 592 2810 mitiis
602 2797 617 2822 ,
633 2775 717 2812 aut
727 2764 779 2810 in
793 2764 923 2813 bello
936 2776 1102 2814 actum
1119 2764 1436 2813 nihilominus
1448 2798 1462 2823 ,

444 2853 528 2891 aut
552 2843 606 2890 in
626 2844 855 2908 auspiciis
879 2845 1129 2910 capiendis
1154 2856 1326 2892 contra
1354 2860 1460 2891 mo-

443 2937 521 2968 res
552 2934 601 2970 et
627 2923 848 2971 instituta
879 2936 1097 2972 veterum
1120 2935 1281 2972 actum
1310 2934 1461 2982 esset,

446 3000 502 3046 id
522 3001 642 3048 vitio
668 3002 771 3065 (vel
790 3014 961 3050 contra
979 3003 1199 3067 auspicia
1212 3037 1230 3059 ‚
1254 3001 1465 3064 inauspi-

446 3090 558 3125 cato
594 3091 643 3127 et
674 3096 772 3135 non
799 3080 1087 3145 auspicato)
1123 3082 1305 3128 factum
1334 3080 1463 3127 dice-

445 3158 613 3215 batur3
641 3173 688 3204 v.
716 3175 763 3207 c.
793 3160 1007 3206 consules
1031 3158 1154 3206 vitio
1178 3156 1359 3214 creati,
1385 3158 1464 3204 vel

450 3235 815 3285 tabernaculum
850 3237 974 3284 vitio
988 3271 1006 3293 ‚
1046 3247 1095 3284 et
1128 3244 1298 3284 contra
1340 3247 1466 3282 recte

450 3325 663 3379 captum.
688 3315 870 3362 Confer
889 3317 987 3373 VI,
1020 3330 1112 3374 27,
1146 3332 1196 3361 ιι.
1227 3330 1283 3373 23
1311 3316 1464 3371 VIII,

458 3393 548 3452 15,
571 3395 661 3452 3ο,
690 3394 752 3440 33
781 3393 893 3460 (ubi
914 3394 1057 3454 etiam
1085 3392 1288 3440 vitiosus
1308 3391 1465 3439 dicta-

454 3483 531 3519 tor
563 3473 767 3532 dicitur,
794 3484 850 3521 ut
881 3474 1036 3519 XXII
1051 3505 1066 3530 ‚
1102 3472 1198 3531 343
1232 3471 1319 3535 qui
1341 3470 1465 3518 vitio

449 3564 639 3600 creatus
664 3563 757 3610 ese,
787 3563 842 3600 ut
868 3562 1037 3599 contra
1070 3550 1212 3598 salvis
1238 3549 1464 3613 auspiciis

452 3643 650 3678 creatus
674 3632 844 3679 consul
872 3632 1079 3697 XXIII,
1108 3629 1175 3676 25
1190 3663 1205 3687 ‚
1243 3645 1292 3677 n.
1317 3626 1380 3692 6)
1417 3640 1465 3675 et

451 3709 606 3768 XLV,
639 3726 697 3757 12
713 3746 727 3769 ,
757 3727 808 3758 n.
836 3711 891 3770 53
910 3710 1030 3774 quin
1052 3720 1104 3757 et
1122 3708 1302 3756 tribuni
1324 3707 1393 3769 pl.
1418 3718 1467 3756 et

453 3784 615 3833 cediIes
625 3788 696 3849 pl.
721 3788 846 3836 vitio
865 3788 1018 3836 creati
1034 3788 1263 3836 dicuntur
1276 3789 1327 3834 X
1339 3820 1353 3844 ‚
1374 3794 1462 3846 473

454 3862 539 3910 ubi
557 3864 669 3912 vide
686 3879 790 3922 not.
815 3883 859 3915 r.
878 3868 1009 3916 Hinc
1032 3868 1157 3925 dies,
1175 3868 1254 3915 vel
1271 3865 1468 3913 comitia

456 3941 753 4030 dirimi,‚seu
770 3945 966 4011 diffindi
974 3981 992 4002 ,
1019 3958 1068 3994 et
1087 3945 1313 4010 auspiciis
1329 3960 1470 3993 reno-

459 4031 577 4068 vatis
595 4055 611 4077 ,
647 4031 730 4067 aut
774 4023 981 4085 repetitis
1012 4025 1132 4071 novi
1169 4024 1472 4086 magistratus

456 4099 607 4147 creari
622 4132 636 4159 ,
682 4099 761 4148 ‘vel
787 4099 869 4150 lex
901 4100 1081 4150 iterum
1117 4102 1234 4150 ferri
1268 4102 1470 4154 solebat.

1546 2130 1610 2178 38
1632 2139 1782 2185 extr.;
1815 2127 1918 2183 IX,
1948 2125 2012 2184 39
2027 2137 2135 2187 ΡΜ
2155 2121 2228 2177 X,
2258 2119 2317 2179 33
2349 2116 2559 2174 XXIII,

1550 2205 1915 2270 19pr.;XXX,
1930 2205 2010 2267 39.
2025 2201 2092 2247 At
2102 2213 2229 2261 saepe
2245 2196 2387 2243 etiam
2397 2195 2575 2240 Patres-

1546 2283 1923 2332 emenciebantur
1948 2276 2193 2342 auspicia,
2237 2274 2298 2321 de
2324 2287 2421 2338 quo
2448 2269 2567 2318 vide

1485 2363 1492 2369 ·
1546 2363 1611 2410 ad
1644 2363 1797 2420 xm,
1823 2360 1915 2418 63,
1942 2375 1992 2406 n.
2022 2359 2071 2405 s.

1621 2450 1667 2498 5.
1681 2451 1947 2511 Incerreges
1966 2456 2059 2492 eres
2079 2438 2471 2506 deinceps-fliete,
2494 2435 2567 2484 vi·

1551 2529 1612 2578 de
1637 2529 1699 2576 ad
1723 2530 1773 2585 1,
1803 2541 1863 2574 21
1885 2540 1970 2584 ,n.
1994 2525 2041 2570 8.

1621 2609 1670 2656 6.
1694 2604 1910 2655 Com-ilia
1935 2601 2146 2649 Etruria:
2171 2597 2433 2663 adsunam
2455 2593 2564 2641 Vot-

1552 2699 1730 2734 eumnae
1750 2684 1946 2741 habita,
1974 2681 2088 2729 vide
2114 2678 2177 2727 ad
2202 2678 2292 2736 IV,
2313 2678 2407 2734 23,
2437 2690 2488 2721 ιι.
2516 2672 2564 2719 5.

1552 2793 1624 2802 -
1648 2767 1777 2812 Ante
1795 2780 1845 2811 se
1863 2762 1919 2810 id
1936 2759 2203 2808 Veientibus
2223 2769 2446 2820 negasse,
2474 2762 2566 2800 ete.

1554 2845 1737 2894 Confer
1761 2857 1905 2906 supra
1931 2856 2037 2903 cap.
2068 2853 2118 2897 1,
2147 2846 2195 2884 et
2225 2835 2273 2881 5.

1627 2939 1673 2982 7.
1703 2923 1846 2968 Nunc
1869 2918 1982 2983 jam
2008 2931 2101 2978 pro
2142 2929 2222 2968 se,
2269 2925 2355 2957 sua
2393 2922 2570 2965 causa,
2635 2929 2639 2933 v

1550 3011 1756 3065 propter
1768 3013 1902 3045 suam
1916 2995 2117 3042 salutem
2126 3026 2141 3050 ‚
2142 2989 2404 3055 fortunam
2414 3019 2430 3043 ‚
2449 3001 2569 3032 con-

1552 3079 1816 3134 ditionem,
1853 3089 1991 3122 suam
2027 3071 2121 3118 illis
2145 3071 2352 3132 negat‘w,
2384 3064 2571 3112 scilicet

1551 3157 1631 3215 id,
1657 3155 1754 3203 hoc
1777 3143 1874 3211 est,
1914 3150 2010 3197 illis
2040 3148 2096 3195 id
2129 3146 2295 3211 negari
2321 3156 2370 3193 et
2395 3159 2570 3208 negan-

1514 3280 1517 3283 Α
1555 3236 1670 3283 dum
1699 3248 1801 3281 esse
1825 3240 2031 3296 propter
2056 3229 2302 3275 forttmam
2325 3240 2476 3272 suam.

1628 3316 1675 3362 8.
1707 3310 1928 3358 Maxime
1968 3309 2017 3356 in
2056 3324 2135 3354 ea·
2142 3317 2290 3370 parte
2323 3303 2565 3359 Etruriae,

1554 3392 1740 3440 ,enicet
1769 3376 1919 3453 qumi
1939 3387 2221 3435 incolebant
2247 3384 2420 3450 popuii
2435 3417 2450 3441 ‚
2474 3382 2570 3429 hoc

1555 3474 1841 3536 responsum
1855 3467 2025 3516 dantes
2038 3482 2051 3515 ε
2067 3482 2179 3514 nam
2191 3464 2474 3528 Capenates,
2486 3464 2571 3508 Fa-

1551 3550 1662 3598 lisci
1682 3561 1730 3597 et
1750 3550 2008 3605 Veientes,
2035 3546 2120 3608 qui
2145 3543 2378 3591 auxilium
2401 3551 2570 3606 postu·-

1551 3629 1742 3686 labant,
1790 3642 1960 3675 omnes
1998 3640 2101 3673 eam
2146 3633 2335 3688 partem
2369 3618 2571 3667 Etruriae

1553 3707 1863 3768 incolebant,
1880 3721 1990 3769 quae
2011 3713 2111 3751 erat
2131 3701 2375 3750 Romanis.
2388 3699 2572 3759 vicina,

1555 3787 1806 3851 meridiem
1841 3800 2008 3832 versus
2042 3782 2160 3839 sita3
2197 3779 2283 3843 qui
2322 3783 2439 3829 vero
2477 3776 2572 3825 hoc

1556 3856 2069 3927 auxiliuinnegahant‚
2091 3861 2146 3907 in
2168 3870 2308 3924 parte
2329 3865 2572 3919 septemtr.

1559 3944 1763 3993 Etruriae
1808 3953 1944 3990 erant
1958 3975 1973 4000 ,
2017 3940 2175 4002 iisque
2219 3936 2394 3985 aecolae
2422 3930 2570 3990 Galli;

1563 4023 1743 4072 Stroth.
1774 4020 1902 4069 Galli
1927 4030 2088 4067 autem
2117 4026 2252 4065 erant
2276 4028 2393 4078 gens
2419 4008 2579 4057 invisi-

1563 4113 1670 4152 tata
1689 4098 1830 4165 (vide
1848 4098 1910 4147 ad
1927 4099 2020 4157 IV,
2034 4098 2098 4146 33
2113 4129 2129 4155 ,
2148 4111 2199 4146 ιι.
2218 4091 2293 4158 ι),
2318 4102 2484 4140 etc.-·
2499 4087 2578 4135 Li-
