3000 4717
484 332 623 431 376
1310 332 1385 398 T.
1453 329 1731 398 L1v11
1828 393 1835 403 ,
2286 306 2412 406 ¹1¹1:ss:
2437 305 2535 412 {233

466 472 694 555 pente
709 479 858 526 sine
876 476 1100 525 causa
1098 453 1348 542 factos
1360 453 1397 519 Ρ
1422 466 1581 536 aut,
1600 452 1666 517 si
1680 441 1865 543 quid
1866 442 2220 539 ‘hostiliter
2208 441 2585 534 fecissent,

484 567 776 639 consilio
802 566 885 636 id
908 569 1174 661 magis,
1215 586 1440 658 quam
1450 560 1714 650 furore
1750 556 1985 653 lapsos
2000 554 2326 647 ,fle-cisse,
2355 569 2435 626 ut
2448 579 2590 623 sua

484 694 728 748 vetera
761 673 1104 769 beneficia
1119 725 1140 757 ‚
1184 670 1423 742 locata
1450 671 1849 766 prcesertim
1880 664 2086 761 apud
2124 678 2275 733 tam
2302 681 2582 760 gratos,

486 789 678 856 novis
711 796 1240 879 corrumperent
1273 778 1643 879 maleficiis
1655 778 2219 871 Pflorentemque
2234 773 2591 871 populum

488 921 866 967 romanum
912 918 1001 964 ac
1013 892 1513 983 felicissimum
1558 885 1748 957 bello
1792 886 1931 957 sibi
1970 883 2411 955 desumerent
2454 883 2592 953 ho*

486 1022 660 1077 stem
671 1061 693 1095 ,
716 1009 917 1099 cujus
934 1005 1192 1098 afflicti
1206 1003 1607 1071 amic-itiam
1626 995 2006 1091 cepissent?
2021 998 2135 1064 Ne
2147 990 2603 1088 appellarent

493 1115 869 1188 consilium
884 1167 905 1201 ‚
956 1136 1121 1210 quoe
1171 1117 1286 1183 vis
1340 1134 1430 1180 ac
1484 1111 1862 1178 necessitas
1914 1103 2357 1201 appellanda
2401 1118 2590 1173 esset.

505 1232 973 1297 Transeuntes
1002 1227 1286 1317 agmine
1320 1219 1572 1311 infiesto
1592 1240 1730 1311 per
1762 1238 2021 1312 agrum
2044 1238 2257 1283 suum
2289 1216 2598 1308 Tarqui-

494 1343 768 1406 nienses
781 1388 802 1419 ‚
852 1357 1073 1429 quum
1111 1346 1382 1428 proeter
1420 1333 1622 1397 viam
1670 1323 1857 1395 nihil
1873 1329 2252 1422 petissent,
2301 1329 2599 1394 traxisse

495 1444 851 1542 quosdam
887 1447 1312 1539 agrestium,
1345 1435 1847 1536 populationis
1876 1436 2066 1529 ejus,
2098 1456 2266 1531 quae
2297 1434 2436 1505 sibi
2461 1439 2598 1504 cri-

497 1561 680 1624 mini
702 1554 944 1639 detur,
975 1557 1267 1623 comites
1281 1576 1305 1635 ,-
1343 1574 1497 1635 eos‚
1536 1572 1663 1619 seu
1689 1544 1860 1617 dedi
1866 1545 2195 1642 placeat,
2235 1542 2493 1614 dedere
2525 1567 2602 1613 se

484 1681 799 1762 puratos
825 1687 973 1732 esse
981 1689 1005 1748 ‚-
1028 1687 1152 1731 seu
1169 1658 1506 1757 supplicio
1525 1659 1756 1750 affici,
1783 1655 2080 1726 daturos
2088 1677 2359 1752 poenas.
2387 1657 2602 1737 cem-e,

500 1777 887 1842 sacrarium
905 1770 1178 1869 populi
1206 1774 1522 1854 romani,
1562 1766 2034 1836 deversorium
2053 1767 2084 1815 4
2111 1762 2601 1847 sacerdotum,

501 1908 593 1954 ac
626 1881 1143 1981 receptaculum
1172 1901 1638 1951 romanorum
1668 1900 2068 1960 sacrorum,
2115 1880 2458 1945 intactum
2504 1879 2609 1942 in-

506 1990 982 2090 violatumque
1023 1995 1315 2062 crimine
1342 1987 1552 2074 belli,
1600 1986 1904 2082 hospitio
1951 1983 2343 2054 Vestalium
2372 1982 2607 2055 cultis-

504 2128 647 2199 que
680 2103 819 2173 diis
861 2101 1135 2172 clarent.
1177 2099 1402 2169 Movit
1448 2096 1802 2193 populum
1836 2117 1989 2164 non
2020 2107 2167 2163 tam
2199 2118 2408 2165 causa
2434 2118 2609 2191 prae·

505 2237 693 2301 sem,
714 2237 934 2309 quam
953 2225 1157 2281 vetus
1175 2209 1539 2295 meritum,
1557 2219 1637 2276 ut
1651 2203 2002 2291 maleficii,
2021 2228 2236 2301 quam
2256 2202 2611 2294 beneficii,

504 2324 747 2418 potius
793 2323 1246 2391 immemores
1287 2331 1545 2390 essent.
1596 2320 1852 2410 Itaque
1903 2339 2044 2411 pax
2080 2315 2354 2413 populo
2397 2317 2613 2387 caeriti

505 2428 705 2514 data,
738 2428 1204 2524 induciasque
1237 2430 1313 2498 in
1343 2441 1635 2497 centum
1671 2447 1901 2496 annos
1937 2422 2156 2495 factas
2187 2427 2262 2494 in
2290 2440 2613 2496 senatus-

504 2538 912 2609 consultum
949 2537 1200 2610 referri
1235 2540 1526 2635 placuit.
1569 2544 1655 2607 In
1696 2537 1999 2607 Faliscos
2016 2591 2034 2624 ‚
2073 2535 2328 2607 eodem
2364 2538 2616 2608 noxios

505 2649 802 2721 crimine
848 2648 951 2718 vis
990 2646 1163 2721 belli
1205 2673 1552 2720 conversa
1592 2662 1699 2719 est
1748 2635 1775 2715 :⁷
1809 2646 1935 2718 sed
1978 2646 2221 2717 hostes
2260 2670 2617 2743 nusquam

506 2760 804 2829 inventi.
844 2763 1090 2849 Quum
1120 2759 1591 2856 populatione
1624 2757 1978 2852 peragrati
2008 2756 2189 2827 fines
2218 2771 2455 2827 essent
2475 2812 2493 2846 ‚
2526 2756 2618 2826 ab

509 2872 1049 2968 oppugnatione
1072 2868 1363 2941 urbium
1389 2881 1863 2964 temperatum
1887 2891 1903 2934 t
1924 2863 2472 2962 legionibusque
2489 2872 2623 2937 Ro·

510 3005 703 3051 mam
735 2979 1051 3052 reductis
1069 3034 1088 3069 ‚
1123 2979 1486 3075 reliquum
1513 2978 1685 3048 anni
1715 2977 1939 3046 muris
1965 2975 2431 3071 turribusque
2467 2974 2623 3047 refi-

516 3089 785 3162 ciendis
818 3103 1368 3185 consumptum;
1402 3104 1473 3160 et
1501 3086 1686 3158 aedes
1724 3084 2075 3182 Apollinis
2107 3085 2429 3157 dedicata
2460 3100 2589 3157 est.

604 3203 793 3267 XXI.
853 3204 1193 3269 Extremo
1236 3223 1430 3268 anno
1482 3189 1768 3267 comitia
1819 3195 2218 3266 consularia
2262 3211 2624 3268 certamen

511 3312 797 3377 Patrum
849 3331 930 3377 ac
966 3307 1197 3404 plebis
1241 3307 1565 3397 diremit,
1619 3305 1927 3377 tribunis
1977 3305 2410 3404 negantibus
2464 3331 2626 3404 pas-

517 3442 721 3487 suros
778 3418 1066 3486 comitia
1106 3416 1396 3504 haberi,
1441 3419 1519 3488 ni
1559 3417 1956 3488 secundum
1999 3416 2346 3488 liciniam¹
2394 3416 2623 3515 legem

512 3596 577 3642 ad
589 3598 639 3642 ΙΙ
651 3629 665 3653 ,
689 3608 782 3655 29,
796 3608 846 3639 n.
864 3591 916 3657 6)
937 3628 951 3651 ‚
971 3601 1020 3640 et
1033 3592 1206 3640 mereri
1221 3609 1291 3651 ea,
1311 3594 1390 3641 vel
1404 3593 1530 3641 talia
1619 3594 1820 3657 gratiam
1861 3592 2054 3657 praebiti
2084 3593 2362 3650 Vestalibus
2399 3593 2601 3659 hospitii
2613 3629 2627 3652 ,

515 3688 634 3738 pro:
655 3672 768 3721 talia
785 3671 954 3718 merita
970 3671 1177 3730 habere,
1196 3683 1329 3720 tanta
1346 3671 1530 3720 benefl-
1619 3686 1723 3719 eam
1753 3671 1980 3720 habendo
2002 3672 2258 3719 innoxiam
2281 3672 2344 3720 ab
2370 3673 2494 3721 illati
2514 3674 2631 3721 beni

519 3753 592 3798 cia
618 3761 863 3815 praestare.
1356 3809 1361 3820 ι
1621 3751 1848 3810 crimine3
1873 3751 1987 3798 vide
2001 3754 2050 3799 11
2067 3786 2082 3810 ‚
2110 3752 2173 3799 35
2189 3786 2203 3808 ‚
2223 3769 2273 3799 n.
2292 3753 2340 3799 5.
2359 3779 2431 3789 --
2448 3752 2630 3800 Eodem

591 3838 639 3883 4.
666 3830 799 3876 Coere
816 3864 832 3886 ‚
877 3829 1194 3877 deversorium
1227 3828 1534 3876 sacerdotum
1620 3830 1796 3877 noxios
1815 3830 2036 3890 crimine,
2059 3830 2173 3878 vide
2198 3832 2288 3888 IV,
2317 3830 2380 3879 15
2390 3866 2405 3890 ,
2426 3848 2477 3880 n.
2504 3847 2547 3879 1.

522 3908 663 3970 (vide
688 3910 742 3965 1,
785 3908 845 3954 51
868 3941 883 3965 ‚
922 3925 974 3955 n.
1005 3908 1081 3982 ¹2⁶
1104 3936 1172 3944 —-
1200 3910 1524 3956 lutacium...
1689 3909 1814 3958 Cu.
1843 3910 1986 3957 XXI.
2024 3926 2066 3956 1.
2121 3909 2389 3957 Secundum
2422 3909 2635 3957 licinium

519 3984 724 4046 bospitio
756 3987 1018 4033 Vestalium
1053 3986 1286 4050 cultisque
1319 3985 1413 4032 diis
1446 3986 1537 4033 da·
1625 3987 1774 4052 legem
1788 4022 1804 4044 ‚
1840 3988 1945 4035 scil.
1965 3998 2022 4035 ut
2048 3989 2303 4035 consulum
2332 3990 2501 4053 utique
2517 3990 2639 4037 alter

517 4072 657 4115 rent;
691 4061 871 4108 salvam
896 4075 1184 4124 praestarent
1207 4064 1455 4112 civitatem
1483 4064 1538 4111 in
1626 4081 1688 4112 ex
1707 4067 1850 4129 plebe
1868 4079 2138 4125 creatam-3
2163 4067 2276 4114 vide
2287 4071 2539 4132 supraVL
2558 4068 2639 4115 35.
