3000 4717
2193 360 2243 398 A.
2267 355 2316 396 C.
2343 352 2571 405 378—377.

510 397 644 469 292
1349 373 1423 438 T.
1485 373 1764 442 LIVII
2191 416 2241 456 U,
2267 417 2314 457 C,
2343 418 2571 471 avi-37⁵-

508 528 541 565 α
587 487 963 583 diderunt3
1007 510 1110 582 et,
1149 492 1276 566 ubi
1303 494 1482 565 nihil
1510 494 1771 566 hostile
1800 512 1951 567 erat
1973 551 1992 585 ,
2035 521 2130 568 ne
2156 500 2292 597 ipsi
2324 499 2627 596 quidem

506 639 540 674 (ι
579 604 928 679 fecerunt.
946 610 1198 677 Pacem
1217 660 1236 694 ‚
1269 630 1485 702 quam
1511 630 1645 676 nos
1669 607 2156 704 praestitimuS,
2178 633 2336 680 eam
2355 634 2395 679 a
2412 608 2627 679 vobis

505 748 541 786 α
583 718 931 816 petimus:
956 714 1233 787 bellum
1259 740 1381 803 e0,
1401 714 1635 786 sicubi
1663 732 1801 806 est,
1823 720 2185 807 avertatis,
2213 743 2618 819 precamur.
2692 703 2698 708 ⁴

505 859 541 896 α
580 833 668 899 In
703 851 838 897 nos
877 825 1056 922 quid
1093 849 1289 896 arma
1321 825 1644 924 polleant
1687 842 1956 916 vestra,
2009 829 2069 899 si
2113 829 2456 927 patiendo
2496 855 2626 901 ex-

505 968 540 1006 α
582 937 1020 1036 periundum
1084 951 1227 1025 est,
1291 937 1607 1008 inermes
1661 940 2139 1035 experiemur.
2202 945 2367 1010 Haec
2417 964 2627 1011 mens

507 1078 541 1114 α
583 1061 829 1118 nostra
858 1061 999 1134 est3
1038 1045 1138 1115 dii
1166 1046 1607 1118 immortales
1637 1045 1934 1135 faciant,
1973 1062 2121 1118 tam
2164 1047 2368 1136 felix,
2405 1073 2629 1146 quam

508 1191 542 1226 α
579 1156 766 1258 pia-³.
802 1156 1020 1251 Quod
1057 1158 1147 1228 ad
1180 1158 1481 1229 crimina
1518 1160 1806 1247 attinet,
1842 1158 2109 1256 quibus
2142 1162 2324 1232 moti
2349 1159 2630 1231 bellum

508 1300 544 1335 α
587 1268 941 1341 indixistis
958 1322 978 1357 ,
1018 1269 1151 1339 etsi
1183 1269 1450 1339 revicta
1487 1267 1706 1340 rebus
1747 1269 1984 1341 verbis
2025 1269 2400 1342 confutare
2446 1270 2631 1374 nilgil

510 1411 544 1447 ι(
586 1382 878 1469 attinet,
906 1395 1182 1466 tamen,
1211 1379 1485 1450 etiamsi
1503 1402 1670 1450 vera
1697 1380 1838 1451 sint
1857 1435 1877 1469 ,
1901 1381 2015 1452 vel
2040 1380 2244 1454 fateri
2272 1380 2483 1452 nobis
2506 1405 2589 1451 ea
2606 1435 2629 1470 ,

510 1522 545 1557 α
586 1515 812 1588 quum
850 1504 997 1560 tam
1040 1488 1415 1561 evidenter
1452 1491 1874 1588 poenituerit
1895 1545 1915 1579 ,
1953 1506 2192 1562 tutum
2230 1515 2626 1562 censemus.

511 1630 546 1666 «
590 1606 932 1673 Peccetur
979 1600 1055 1669 in
1100 1622 1263 1685 vos,
1319 1597 1494 1668 dum
1544 1597 1742 1696 digni
1786 1600 1935 1669 sitis
1957 1654 1977 1687 ‚
2028 1598 2297 1696 quibus
2322 1600 2428 1669 ita
2465 1600 2632 1669 satis

513 1740 546 1776 α
585 1708 733 1780 fiat.
764 1739 798 1775 »
823 1714 1134 1780 Tantum
1161 1705 1310 1779 fere
1345 1707 1741 1810 verborum
1779 1709 1869 1780 ab
1895 1709 2315 1780 Tusculanis
2339 1708 2631 1780 factum.

513 1826 764 1893 Pacem
784 1821 860 1890 in
888 1820 1298 1919 praesentia,
1329 1844 1465 1891 nec
1475 1821 1585 1890 ita
1607 1821 1838 1892 multo
1857 1835 2021 1919 post
2043 1821 2402 1892 civitatem
2420 1821 2636 1891 etiam

514 1933 1120 2031 impetraveruntl*
1144 1957 1163 2019 3
1198 1928 1289 2001 ab
1316 1931 1628 2001 Tusculo
1654 1931 1976 2029 legiones
2005 1932 2335 2002 reductae.

611 2051 903 2118 XXVII.
932 2046 1271 2117 Camillus
1298 2046 1602 2115 consilio
1632 2060 1704 2116 et
1740 2048 2002 2117 virtute
2037 2048 2113 2115 in
2140 2044 2382 2115 volsco
2409 2042 2636 2132 bello,

517 2156 850 2229 felicitate
888 2157 960 2227 in
997 2154 1370 2226 tusculana
1406 2154 1905 2253 expeditione,
1964 2155 2355 2252 utrobique
2391 2155 2639 2250 singu-

517 2267 649 2338 lari
688 2265 1024 2337 adversus
1082 2263 1425 2361 collegam
1475 2267 1819 2361 patientia
1868 2281 1941 2336 et
1981 2264 2468 2335 moderatione
2521 2264 2639 2333 in-

519 2378 769 2472 signis,
797 2375 1213 2467 magistratu
1242 2371 1452 2459 abiit;
1483 2374 1736 2445 creatis
1767 2374 2077 2446 tribunis
2105 2370 2529 2444 militaribus
2561 2373 2638 2442 in

515 2488 1022 2580 insequentem
1041 2508 1313 2553 annum
1333 2537 1353 2570 ,
1381 2488 1461 2554 L.
1488 2500 1562 2555 et
1579 2486 1957 2557 P.Valeriis
1973 2540 1993 2573 ,
2022 2486 2247 2556 Lucio
2267 2485 2637 2581 quintum,

519 2594 779 2667 Publio
814 2594 1144 2682 tertium,
1179 2607 1251 2664 et
1277 2599 1356 2665 C.
1390 2596 1635 2692 Sergio
1670 2598 2000 2684 tertium,
2037 2601 2119 2667 L.
2150 2595 2491 2666 Menenio
2528 2617 2637 2664 se·

521 2702 876 2793 cundum,
906 2709 1023 2803 Sp.
1046 2706 1361 2803 PapiriO,
1393 2710 1542 2776 Ser.
1570 2705 1909 2777 Cornelio
1927 2704 2441 2803 Maluginense.
2464 2707 2641 2773 Cen-

521 2815 806 2889 soribus
841 2839 1136 2913 quoque
1178 2817 1372 2913 eguit
1409 2807 1710 2905 annus¹,
1746 2818 2054 2887 maxime
2085 2830 2387 2914 propter
2420 2814 2643 2882 incer·

589 3034 639 3081 3.
657 3033 746 3081 Dii
756 3032 1048 3082 immortales
1046 3030 1272 3097 saciant,
1294 3043 1349 3079 ut
1361 3031 1425 3080 sit
1437 3042 1540 3079 tam

505 3112 667 3177 felix,
693 3127 839 3174 quam
848 3111 960 3175 pia.
980 3111 1116 3157 Talia
1134 3111 1425 3157 omittuntur
1436 3120 1541 3156 tum

523 3190 577 3236 in
590 3190 785 3248 affectu,
804 3201 908 3237 tum
923 3190 976 3235 in
994 3189 1226 3253 precandi
1244 3188 1543 3251 optandique

520 3268 759 3316 formulis.
774 3295 844 3303 --
857 3267 966 3314 Etsi
976 3267 1180 3324 revicta,
1206 3267 1455 3324 convicta,
1475 3283 1545 3313 re-

1627 3033 1926 3089 xxxvm,
1937 3031 2002 3080 36
2016 3030 2211 3090 dieitur,
2225 3041 2273 3077 et
2286 3030 2415 3094 inpr.
2427 3044 2488 3075 ex
2500 3029 2643 3073 Festo

1628 3126 1736 3157 voc.
1759 3109 2068 3175 municipium
2089 3110 2390 3173 intelligitur.
2422 3104 2516 3155 Sed
2542 3119 2645 3152 non

1628 3189 1696 3237 ita
1722 3187 1875 3236 multo
1903 3201 2018 3252 post
2054 3206 2139 3237 eos
2172 3188 2415 3251 accepisse
2435 3187 2515 3245 jus
2545 3182 2645 3231 suf-

1629 3267 1769 3331 fragii
1794 3279 1842 3314 et
1863 3269 2226 3331 magistratuum
2249 3269 2420 3314 Roma:
2452 3263 2645 3328 capien-

521 3348 699 3405 futata‚
730 3346 867 3393 rebus
881 3380 898 3402 ,
935 3345 1099 3392 verbis
1137 3344 1389 3409 cotfiatare
1423 3343 1549 3392 nihil

525 3425 725 3482 attinet,
755 3424 867 3472 vide
887 3424 950 3470 ad
972 3426 1050 3481 11,
1080 3431 1164 3480 41,
1190 3439 1240 3471 n.
1269 3430 1317 3477 4.
1335 3449 1406 3459 —
1426 3424 1540 3478 Vel,

523 3504 674 3561 adeo,
682 3502 846 3568 fateri
862 3518 923 3549 ea
947 3512 1100 3548 cutum
1117 3501 1253 3549 nobie
1275 3518 1541 3558 censemus,

525 3583 638 3632 steti
658 3580 946 3648 poenitentia
965 3592 1155 3639 nostra,
1174 3594 1223 3629 et
1238 3593 1394 3629 vestra
1407 3616 1421 3640 ‚
1438 3592 1545 3629 tan·

526 3679 673 3726 quam
707 3671 990 3726 parentum,
1024 3676 1127 3708 non
1156 3660 1405 3722 judicum,
1449 3661 1546 3707 cle·

525 3742 722 3790 mentia.
741 3740 906 3788 Livius
922 3739 1086 3787 forsan
1111 3739 1326 3787 imitatus
1347 3751 1421 3788 est
1441 3739 1546 3787 Cic.

528 3835 622 3883 pro
646 3820 803 3882 Ligur.
823 3834 868 3867 c.
894 3834 972 3866 ιο.
992 3818 1178 3867 Stroth.

600 3905 649 3953 4.
698 3899 801 3944 Nec
850 3898 922 3945 ita
969 3898 1117 3944 multo
1151 3906 1270 3960 post
1308 3895 1547 3944 civitatem

526 3974 674 4022 etiam
717 3975 1089 4036 impetraverunt
1123 3975 1386 4023 Tusculani
1403 4009 1417 4033 ,
1457 3975 1547 4022 sed.

530 4053 634 4099 sine
666 4052 924 4113 suffragio,
954 4052 1090 4114 quod
1128 4052 1308 4110 exiis,
1341 4069 1450 4114 quae
1481 4054 1546 4104 de

532 4130 639 4178 aliis
662 4128 859 4193 populis
875 4130 1028 4186 vm,
1060 4133 1145 4185 14‘,
1184 4144 1278 4188 173
1313 4132 1414 4188 Ix.
1446 4134 1545 4192 433

1632 3346 1831 3403 dorum,
1850 3347 2097 3395 Drakenb.
2115 3347 2179 3393 ad
2196 3347 2348 3403 VIII,
2375 3345 2460 3403 37,
2481 3359 2530 3389 n.
2558 3355 2644 3398 ια,

1630 3424 1746 3472 inde
1787 3425 1988 3489 probat,
2025 3424 2159 3489 quod
2194 3424 2271 3471 Ti.
2313 3420 2650 3472 Coruncanius

1632 3503 1909 3551 tusculanus
1945 3503 2086 3569 (vide
2111 3504 2215 3552 Cic.
2243 3502 2412 3549 Plane.
2436 3517 2479 3547 c.
2510 3502 2569 3558 8,
2601 3510 2652 3547 et

1634 3583 1752 3630 Sall.
1775 3599 1820 3630 c.
1844 3581 1900 3648 7)
1922 3600 1998 3629 an.
2020 3582 2142 3630 Urb.
2167 3590 2263 3642 472
2284 3583 2458 3628 Romae
2476 3594 2646 3627 consu·

1632 3661 1782 3708 latum
1807 3662 2021 3724 gesserit.
2050 3660 2357 3717 Confivnl,
2392 3667 2454 3714 14
2480 3669 2528 3705 et
2555 3658 2646 3716 373

1634 3751 1683 3787 et
1704 3740 1856 3788 Perit.
1874 3741 2021 3787 anim.
2040 3739 2153 3786 hist.
2176 3755 2220 3786 c.
2241 3738 2362 3802 5‚·p.
2387 3738 2500 3798 198.

1703 3820 1824 3867 Cu.
1843 3821 2062 3866 xxvn.
2091 3834 2134 3864 1.
2159 3815 2440 3864 Censor-ibus
2460 3827 2652 3879 quoquc

1634 3898 1765 3962 eguit
1779 3915 1960 3955 annus,
1983 3909 2037 3945 ut
2050 3931 2064 3954 ,
2088 3895 2238 3943 scilic.
2257 3910 2407 3942 censu
2423 3894 2650 3941 instituto

1632 3987 2007 4040 cognosceretur
2035 3974 2319 4037 magnitudo
2353 3984 2458 4021 tum
2490 3971 2560 4020 rei
2585 3970 2654 4018 fa·

1631 4055 1828 4101 miliaris
1840 4055 2019 4102 civium
2032 4089 2046 4112 ,
2064 4064 2168 4100 tum
2181 4052 2290 4099 teris
2304 4052 2479 4109 alieni,
2502 4044 2651 4114 (inum

1631 4149 1871 4181 summam
1885 4132 2077 4181 invidia
2094 4131 2223 4196 ejus,
2244 4131 2293 4179 h.
2313 4148 2355 4179 e.
2380 4132 2490 4179 κώ
2511 4130 2655 4191 liujus
