3000 4717
477 368 523 407 Δ.
548 369 595 409 c.
624 367 716 419 ³87.

474 427 717 470 203⁶,
869 387 1185 453 LIBER
1235 385 1316 454 v.
1372 385 1588 453 CAP.
1641 384 2087 453 xxxvm.
2410 405 2540 479 197

420 508 601 581 nihil
636 508 863 579 simile
900 488 1274 596 Romanis,
1302 532 1453 577 non
1487 504 1681 604 apud
1714 506 1934 576 duces
1955 561 1974 594 ‚
2005 532 2158 577 non
2194 505 2387 603 apud
2420 507 2548 575 mi·

421 618 615 704 lites,
663 631 866 688 erat:
923 641 1147 715 pavor
1186 615 1498 716 fugaque
1552 629 2028 713 occupaverat
2079 612 2435 706 animosfl,
2475 629 2549 688 et

422 742 623 800 tanta
663 727 1041 799 hominum
1076 727 1383 816 oblivio,
1433 741 1515 798 ut
1548 726 1782 797 multo
1821 726 2052 821 major
2092 751 2259 825 pars
2287 728 2505 799 Veios
2529 779 2549 812 ,

420 840 499 909 in
560 838 879 910 hostium
949 839 1206 911 urbem
1239 893 1258 928 ,
1330 863 1558 936 quum
1615 835 1893 909 Tiberis
1949 851 2223 909 arceret
2253 891 2273 927 ‚
2331 861 2551 934 quam

423 964 626 1021 recto
658 951 918 1022 itinere
953 956 1252 1022 Romam
1289 950 1380 1022 ad
1415 950 1758 1049 conjuges
1787 975 1869 1021 ac
1900 948 2166 1022 liberos
2193 946 2550 1046 fugerent.

423 1063 819 1157 Parumper
858 1058 1318 1134 subsidiarios
1359 1075 1637 1132 tutatus
1694 1076 1805 1132 est
1851 1061 2055 1133 locus
2086 1088 2102 1130 ε
2144 1061 2222 1130 in
2276 1060 2561 1156 reliqua

425 1175 576 1245 acie
613 1173 825 1245 simul
853 1188 963 1249 est
994 1167 1298 1263 clamor,
1340 1174 1692 1273 proximis
1726 1172 1817 1244 ab
1857 1174 2079 1244 latere
2098 1227 2117 1261 ,
2160 1171 2431 1243 ultimis
2466 1170 2557 1242 ab

424 1296 631 1382 tergo
655 1339 674 1373 ,
718 1283 1003 1356 auditus
1023 1342 1042 1375 ,
1089 1288 1421 1385 ignotum
1473 1283 1763 1355 hostem
1814 1284 2015 1381 prius
2069 1307 2273 1379 paene
2337 1306 2557 1380 quam

424 1393 797 1485 viderent,
842 1421 998 1467 non
1041 1397 1263 1466 modo
1322 1419 1474 1464 non
1512 1406 1792 1465 tentato
1831 1393 2257 1480 certamine,
2301 1392 2427 1464 sed
2464 1417 2564 1462 ne

426 1507 738 1577 clamore
767 1507 1067 1603 quidem
1091 1505 1379 1577 reddito
1398 1559 1417 1590 ‚
1447 1504 1710 1601 integri
1728 1503 2125 1600 intactique
2145 1513 2170 1558 ⁷
2193 1500 2566 1600 fugerunt.

424 1620 576 1689 Nec
605 1617 754 1688 ulla
789 1616 1016 1687 caedes
1052 1615 1544 1713 pugnantium
1590 1611 1726 1683 fuit
1764 1640 1781 1682 ε
1820 1627 2020 1710 terga
2063 1637 2237 1684 caesa
2276 1626 2570 1684 suomet

430 1726 757 1822 ipsorum
808 1726 1201 1796 certamine
1254 1726 1329 1794 in
1389 1723 1604 1795 turba
1648 1721 2202 1823 impedientium
2235 1718 2265 1764 ⁸
2299 1720 2560 1820 fugam,

432 1835 636 1906 Circa
676 1836 907 1933 ripam
946 1834 1219 1906 Tiberis
1242 1890 1261 1925 ,
1305 1859 1453 1930 quo
1496 1835 1711 1904 armis
1755 1831 2056 1930 abjectis
2092 1846 2331 1904 totum
2383 1833 2565 1903 sini-

435 1958 663 2015 strum
700 1969 934 2016 cornu
973 1944 1247 2044 defugit
1266 1958 1322 2034 9,
1363 1969 1622 2043 magna
1658 1958 1929 2043 strages
1961 1942 2143 2015 facta
2174 1957 2282 2014 est
2310 1970 2331 2011 ε
2371 1940 2566 2013 mul-

436 2070 735 2153 tosque,
767 2059 1142 2155 imperitos
1174 2055 1434 2145 nandi,
1465 2071 1589 2127 aut
1622 2054 2008 2143 invalidos,
2046 2078 2295 2151 graves
2324 2052 2573 2124 loricis

429 2166 729 2264 aliisque
757 2166 1233 2266 tegminihUS,
1265 2166 1570 2239 hausere
1600 2167 1957 2269 gurgites:
1994 2164 2302 2236 maxima
2323 2175 2569 2233 tamen

431 2365 534 2402 erat
565 2356 627 2404 iis
678 2370 728 2407 et
767 2375 880 2407 cum
915 2360 1036 2420 illis;
1060 2359 1175 2408 vide
1208 2359 1271 2408 ad
1305 2361 1459 2419 vm,
1550 2360 1614 2409 ad
1639 2362 1716 2420 11,
1754 2373 1811 2408 ra
1829 2393 1846 2417 ‚
1884 2376 1937 2408 n.
1970 2374 2050 2407 11.
2068 2358 2260 2406 —Nec
2283 2356 2387 2404 ulla
2414 2324 2567 2404 caedes

436 2432 528 2491 34,
548 2450 600 2482 n.
620 2451 666 2483 1.
686 2464 754 2474 --
774 2440 888 2487 Sine
907 2446 979 2508 τῷ
1004 2440 1178 2496 etiam,
1198 2439 1335 2488 Leid.
1358 2456 1455 2487 sec.
1538 2438 1866 2510 pugnantium
1869 2438 1977 2504 fitit
1990 2455 2010 2495 ‚·
2028 2454 2197 2486 sensus
2218 2448 2317 2496 est,
2334 2435 2498 2484 nullos
2516 2435 2571 2483 in

434 2521 485 2558 et
503 2512 646 2561 Voss.
669 2531 744 2580 pr.
763 2532 972 2580 qnorum
992 2519 1279 2582 posterioris
1296 2530 1459 2568 tamen
1546 2520 1717 2584 praelio
1742 2533 1894 2566 caesos
1917 2519 2094 2577 fuisse3
2132 2517 2245 2576 sed,
2273 2517 2577 2581 quicumque

433 2591 640 2654 margini
664 2593 961 2659 adscriptum
988 2608 1077 2644 est.
1103 2598 1196 2644 En.

504 2670 554 2717 6.
582 2673 746 2718 Pavor
752 2670 983 2738 fugaque
1004 2685 1325 2736 occupaverat
1349 2674 1456 2723 ani-

434 2764 537 2797 mos
551 2785 567 2805 ,
611 2750 739 2814 fugae
784 2737 974 2798 tantum
1017 2752 1250 2815 cogitatio
1266 2786 1281 2811 ,
1314 2767 1428 2800 cura
1441 2786 1456 2811 ‚

431 2827 653 2893 fugiendi
668 2829 898 2878 voluntas
910 2844 923 2878 ε
940 2822 1169 2896 syllepsis
1180 2841 1230 2878 et
1239 2830 1295 2877 in
1306 2831 1457 2878 verbo

433 2909 738 2973 occupandi,
772 2909 910 2974 quod
942 2909 1108 2958 datum
1132 2920 1206 2958 est
1227 2924 1337 2957 voe.
1361 2926 1459 2973 pa-

436 2987 589 3045 vor-1⁹55
606 2988 1117 3037 Rauen—Hominum
1134 2987 1334 3045 oblivio,
1356 2989 1405 3036 h.
1416 3005 1460 3036 e.

437 3067 701 3130 conjugum
717 3068 1082 3132 liberorumque
1092 3102 1107 3127 ‚
1127 3077 1182 3116 ut
1194 3067 1339 3115 initio
1354 3083 1462 3133 cap.

345 3174 348 3177 2
438 3159 535 3189 non
572 3144 819 3195 hominum
855 3164 1087 3195 memores
1098 3165 1121 3205 ;
1146 3147 1332 3196 Stroth.
1369 3146 1467 3196 sed

437 3219 506 3270 ita
539 3223 705 3272 Livius
740 3226 944 3275 dixisset
976 3243 1175 3275 suorum
1186 3262 1202 3285 ,
1239 3238 1288 3276 et
1316 3242 1464 3292 supra

439 3297 655 3349 homines
672 3315 786 3352 sunt
802 3306 1007 3364 milites,
1025 3306 1204 3370 quibus
1222 3317 1464 3372 praetant

444 3379 594 3428 duces
619 3391 668 3428 et
701 3398 908 3445 quorum
940 3385 1083 3432 saluti
1109 3386 1464 3434 consulendum

440 3471 558 3507 erat.
579 3460 915 3524 Supplendnm
929 3464 1097 3527 potius
1109 3476 1219 3512 erat
1231 3466 1464 3514 suadente

440 3539 629 3587 Bauero
641 3573 656 3598 ,
677 3550 763 3586 aut
775 3555 877 3586 vox
888 3540 1135 3589 hominum
1147 3555 1263 3607 post
1275 3544 1465 3591 animos

440 3615 687 3681 ponenda.
716 3617 813 3664 Sed
835 3629 992 3676 recte,
1019 3621 1216 3684 opinor,
1242 3622 1462 3669 Gronov.

443 3712 537 3762 pro
553 3696 801 3744 hominum
818 3699 949 3758 conj.
969 3699 1183 3767 omnium
1192 3734 1208 3757 ,
1227 3701 1380 3748 scilic.
1395 3718 1467 3750 re-

444 3792 569 3825 rum.
591 3803 663 3811 -
680 3775 859 3832 Simul,
892 3777 1037 3824 simul
1068 3793 1150 3836 ac,
1179 3790 1252 3825 est
1282 3779 1469 3827 clamor

442 3854 661 3903 hostium
684 3871 712 3902 a
728 3855 974 3918 proxImis
999 3856 1210 3904 auditus.
1228 3885 1299 3894 --
1317 3859 1470 3907 Simul

445 3946 591 4000 atque
624 3936 883 3983 clamorem
898 3969 913 3994 ,
939 3937 1077 3999 quasi
1111 3937 1173 3984 ab
1206 3937 1356 3986 latere
1382 3955 1465 3985 ve·

445 4015 663 4063 nientem
688 4014 934 4079 proximi,
960 4015 1100 4078 quasi
1125 4016 1187 4064 ab
1221 4027 1358 4081 tergo
1385 4033 1468 4065 ve-

447 4094 662 4141 nientem
682 4094 842 4141 ultimi
867 4110 1113 4160 accepere.
1141 4097 1231 4144 En.

520 4185 567 4231 7.
589 4172 777 4238 Integra·
794 4173 1060 4240 intactique
1060 4173 1330 4242 fiaegerunt‚
1357 4173 1472 4223 vide

1545 2599 1820 2662 perierunt,
1837 2598 1890 2645 in
1908 2598 2018 2662 fuga
2038 2598 2323 2646 interfectos
2337 2613 2458 2645 esse.
2476 2596 2571 2643 En.

1618 2678 1666 2723 8.
1701 2678 1856 2741 Terga
1887 2692 2016 2724 coesa
2043 2692 2212 2723 eorum
2229 2711 2248 2735 ,
2273 2676 2357 2740 qui
2383 2686 2572 2723 suomet
2602 2720 2605 2723 .

1546 2754 1758 2817 ipsorum
1771 2754 2055 2812 certamine,
2075 2755 2190 2802 dum
2206 2755 2426 2802 certatim
2439 2755 2575 2818 fuge-

1546 2843 1672 2892 rent,
1685 2844 1735 2880 et
1746 2834 1950 2897 quisque
1962 2833 2149 2897 primns
2161 2832 2452 2895 mugientium
2466 2848 2571 2879 esse

1548 2922 1770 2975 cuperet,
1802 2911 1851 2957 in
1871 2912 2038 2967 turba,
2065 2911 2117 2957 in
2131 2911 2323 2974 agmine
2338 2911 2572 2968 confuso,

1534 2988 1718 3056 figam
1731 2989 2071 3054 impediebant.
2093 2990 2169 3037 cf.
2189 2988 2254 3037 ad
2267 2990 2340 3035 VI
2353 3024 2366 3048 ,
2389 2990 2438 3048 8,
2451 3005 2502 3037 n.
2524 3004 2573 3035 2.

1623 3085 1674 3131 9.
1692 3068 1944 3116 Sinistrum
1961 3083 2111 3114 cornu
2130 3065 2338 3133 defugit,
2360 3068 2475 3132 fuga
2493 3067 2577 3115 de·

1553 3148 1782 3207 clinavit3
1809 3149 1925 3196 Ern-
1953 3147 2235 3195 Gronovius
2261 3146 2452 3195 emend.
2481 3145 2576 3212 dg'fi

1540 3227 1694 3294 fiaegr't,
1710 3227 1821 3290 quia
1835 3226 2064 3293 defigere
2076 3228 2140 3275 sit
2153 3227 2325 3285 vitare,
2338 3241 2575 3274 recusare.

1554 3329 1579 3348 α
1597 3306 1747 3370 Quod
1768 3307 1946 3355 miror:
1977 3322 2136 3370 neque
2158 3306 2288 3354 enim
2313 3304 2581 3371 diffugiunt

1551 3385 1650 3433 huc
1670 3397 1719 3433 et
1735 3385 1854 3433 illuc
1873 3386 2052 3450 passim
2071 3384 2305 3450 fugiendo
2323 3383 2472 3448 palati
2490 3384 2579 3429 mi-

1552 3465 1662 3513 lites
1685 3465 1983 3532 dilapsique,
2002 3466 2090 3513 sed
2116 3481 2286 3513 omnes
2308 3463 2476 3520 simul,
2500 3479 2579 3510 ca-

1555 3545 1804 3604 tervatim,
1822 3560 1975 3592 unum
1997 3545 2050 3590 in
2073 3545 2238 3592 locum
2262 3540 2575 3606 defitgertmt,

1556 3622 1619 3670 ad
1650 3623 1808 3686 ripam
1839 3640 1866 3670 e
1900 3623 2173 3682 montibus,
2198 3621 2490 3669 inferiorem
2505 3620 2581 3667 lo·-

1556 3717 1668 3748 cum
1703 3701 1814 3763 fuga
1856 3700 2212 3748 descenderunt
2232 3713 2245 3747 :
2273 3699 2365 3746 etsi
2401 3699 2583 3757 fateor,

1557 3795 1728 3845 parum
1767 3779 1996 3840 frequens
2029 3778 2127 3825 hoc
2168 3793 2260 3824 usu
2285 3777 2588 3826 vocabulum·

1558 3856 1682 3906 illud
1712 3871 1831 3904 esse.
1853 3877 1878 3897 »ι
1904 3857 2074 3902 Bauer.
2101 3855 2239 3902 Idem
2265 3868 2456 3915 monet,
2481 3873 2585 3907 non

1557 3936 1754 3985 eosdem
1775 3935 1924 3981 finisse
1948 3933 2186 3982 invalidos
2206 3946 2258 3984 et
2274 3950 2445 4001 graves
2466 3937 2582 3985 lori-

1558 4015 1652 4072 cis,
1683 4015 1758 4062 uti
1789 4030 1882 4061 nec
1911 4012 2108 4061 eosdem
2147 4013 2384 4062 invalidos
2414 4026 2464 4062 et
2492 4016 2581 4062 ima

1551 4094 1745 4159 peritos·
1764 4091 1922 4141 nandi
1933 4128 1949 4151 ,
1987 4093 2073 4140 sed
2100 4093 2191 4140 tria
2224 4094 2593 4143 submersorum

1562 4189 1761 4240 genera,
1790 4183 1888 4222 tres
1910 4172 2189 4223 intereundi
2215 4188 2382 4223 causas
2408 4187 2596 4222 memo·
