3000 4717
449 356 498 395 A.
523 353 570 400 C.
603 366 696 412 340,

449 431 697 480 uem.
747 390 1068 458 LIBER
1119 390 1298 455 VII.
1357 390 1570 457 CAP.
1622 392 1867 457 XXX.
1921 393 2219 461 XXXI.
2377 393 2514 492 399

395 543 431 578 «
466 514 888 584 renunciare
903 508 1236 605 jubeatis.
1261 506 1584 578 Alterum
1601 533 2031 606 responsum
2051 513 2385 605 salutem,
2405 519 2513 586 vi-.

391 650 425 685 α
460 623 784 709 ctoriam,
795 620 1030 690 lucem
1044 642 1125 688 ac
1137 617 1542 689 libertatem
1554 643 1574 705 ;
1586 617 1891 689 alterum
1902 622 2206 693 ominari
2221 622 2508 716 horre0,

389 760 423 796 (ι
459 757 619 829 quae
633 730 834 803 ferat.
856 727 1167 822 Proinde
1182 743 1264 798 ut
1281 741 1403 797 aut
1418 727 1510 798 de
1525 728 1777 799 vestris
1793 726 2053 802 futuris
2067 732 2274 804 sociis
2289 719 2506 832 atque

387 873 421 907 α
457 843 732 931 amicis,
762 855 884 912 aut
910 862 1267 935 nusquam
1291 837 1458 908 ullis
1483 835 1743 908 futuris
1770 837 2015 928 nobis,
2039 843 2460 922 consulite.»

485 957 744 1024 XXXI.
788 950 1154 1022 Submotis
1204 948 1465 1019 deinde
1515 948 1800 1047 legatis,
1847 974 2078 1046 quum
2136 956 2507 1029 consultus

388 1077 676 1134 senatus
714 1074 899 1133 esset
920 1114 940 1149 ,
977 1061 1108 1131 etsi
1138 1084 1408 1156 magnae
1435 1061 1624 1156 parti
1658 1058 1833 1131 urbs
1869 1062 2177 1133 maxima
2208 1065 2507 1161 opulen-

387 1178 796 1272 tissimaque
819 1175 1035 1245 Italiae
1048 1229 1067 1262 ,
1086 1171 1493 1244 uberrimus
1510 1198 1676 1270 ager
1693 1175 2018 1271 marique
2044 1180 2503 1276 propinquus

386 1287 477 1357 ad
527 1289 902 1358 varietates
949 1308 1254 1355 annonae
1273 1294 1295 1325 ¹
1344 1283 1689 1354 horreum
1732 1285 1984 1382 populi
2024 1290 2302 1359 romani
2346 1289 2500 1364 fore

384 1395 801 1484 videbatui-3
834 1411 1076 1467 tamen
1117 1407 1316 1464 tanta
1345 1392 1655 1463 utilitate
1696 1391 1877 1465 fides
1918 1397 2284 1493 antiquior
2322 1399 2459 1473 fuit
2475 1457 2498 1490 ,

382 1507 900 1605 responditque
927 1507 1026 1574 ita
1049 1528 1138 1574 ex
1163 1501 1588 1573 auctoritate
1612 1516 1899 1574 senatus
1917 1506 2169 1577 consul
2194 1533 2209 1576 ι
2236 1538 2271 1573 α
2289 1513 2501 1584 Auxi.

384 1645 417 1680 «
451 1616 549 1685 lio
571 1641 734 1705 vos,
760 1614 1141 1712 Campani,
1172 1612 1427 1709 dignos
1454 1626 1700 1684 censet
1728 1628 2016 1684 senatus
2045 1641 2061 1682 :
2094 1614 2221 1688 sed
2248 1619 2345 1689 ita
2375 1646 2495 1691 vo-

381 1754 413 1788 «
449 1724 727 1796 hiscum
769 1725 1148 1796 amicitiam
1185 1722 1464 1792 institui
1504 1745 1634 1819 par
1672 1736 1809 1811 est,
1841 1749 1936 1795 ne
1973 1749 2117 1820 qua
2145 1731 2497 1802 vetustior

380 1865 414 1900 «
450 1837 757 1907 amicitia
784 1860 865 1906 ac
895 1836 1194 1907 societas
1220 1833 1549 1905 violetur.
1570 1836 1920 1906 Samnites
1947 1836 2327 1911 nobiscum
2357 1841 2491 1913 foe-

375 1975 408 2008 «
443 1944 614 2017 dere
625 1946 859 2041 juncti
877 1954 1127 2016 sunt²t
1158 1945 1402 2040 itaque
1427 1966 1653 2031 arma,
1682 1942 1856 2015 deos
1879 1946 2101 2041 priuS,
2131 1971 2350 2042 quarn
2370 1949 2496 2020 ho·

376 2084 410 2118 «
444 2056 707 2144 mines,
734 2054 1118 2143 violatura,
1147 2054 1486 2126 adversus
1515 2054 1866 2125 Samnites
1888 2053 2095 2126 vobis
2125 2081 2488 2154 negamus.

374 2195 406 2229 «
443 2170 782 2262 LegatOS,
801 2169 993 2238 ‘sicut
1021 2165 1124 2238 fas
1146 2166 1410 2262 jusque
1438 2179 1545 2235 est
1563 2218 1582 2254 ,
1614 2164 1705 2235 ad
1731 2165 1962 2236 socios
1984 2181 2201 2263 atque
2226 2169 2492 2240 amicos

373 2305 406 2339 «
439 2292 808 2372 precatum
851 2278 1255 2367 mittemus,
1296 2300 1389 2346 ne
1431 2299 1577 2372 qua
1621 2273 1830 2345 vobis
1862 2275 1970 2345 vis
2007 2274 2155 2346 fiat.
2188 2306 2222 2342 ι)
2262 2275 2372 2360 Ad
2409 2302 2493 2349 ea

372 2386 706 2482 princeps
731 2387 1105 2484 legationis
1144 2386 1282 2482 (sic
1309 2386 1504 2457 enim
1532 2384 2201 2456 domomandatum
2229 2386 2487 2478 attule-

371 2493 598 2588 rant),
624 2495 1307 2591 «Quandoquidem,
1339 2496 1580 2591 inquit
1600 2549 1620 2583 ,
1654 2512 1901 2567 nostra
1930 2498 2115 2568 tueri
2149 2495 2487 2568 adversus

372 2629 404 2664 «
442 2601 830 2699 vimatque
860 2604 1195 2697 injuriam
1217 2604 1409 2710 justa
1441 2605 1513 2673 vi
1546 2629 1699 2674 non
1730 2606 1985 2694 vultis,
2018 2622 2254 2678 vestra
2290 2622 2484 2679 certe

369 2788 649 2849 videadII,
675 2789 769 2847 32,
793 2805 844 2838 n.
874 2787 923 2846 5,
947 2798 997 2835 et
1021 2788 1123 2846 111,
1148 2786 1240 2844 26,
1261 2803 1312 2833 n.
1330 2789 1377 2834 8.

366 2894 436 2904 —
453 2868 691 2925 Salutem,
722 2866 985 2915 victoriam
999 2901 1015 2924 ,
1046 2867 1226 2922 lucem,
1265 2864 1378 2912 vide

366 2945 430 2993 ad
449 2948 501 3004 1,
536 2947 628 3008 39,
662 2963 716 2994 ιι.
740 2948 787 2995 3.
818 2973 891 2983 —
924 2944 1219 3010 Quaeserat‚
1250 2944 1378 2993 forte

351 3021 509 3087 seret,
537 3036 593 3073 ut
615 3036 663 3073 et
679 3025 743 3073 ad
763 3026 953 3090 priora,
979 3025 1159 3082 lucem,
1183 3023 1377 3071 liberta-

367 3112 489 3159 tem,
520 3114 612 3152 etc.
637 3105 894 3164 referatur3
929 3106 1158 3152 Bauerus.
1181 3129 1251 3140 —
1273 3105 1379 3150 Aut

364 3196 602 3243 nusquam
630 3183 738 3230 ullis
750 3182 938 3247 ficem-is
962 3183 1124 3241 nobis,
1162 3182 1249 3246 qui
1279 3197 1376 3246 ope

365 3269 523 3306 vestra
545 3259 765 3309 destituti
794 3260 1014 3309 funditus
1043 3261 1373 3320 interibimus,

363 3347 419 3384 ut
444 3353 680 3401 nusquam
704 3340 782 3387 vel
804 3340 1062 3403 vestigium
1086 3341 1300 3388 nominis
1326 3351 1374 3388 et

361 3415 536 3480 populi
570 3418 726 3465 nostri
763 3418 1003 3481 reliquum
1041 3419 1104 3467 sit
1135 3420 1366 3468 flattu-um.

362 3495 505 3544 Conf.
531 3495 594 3542 ad
619 3497 724 3554 111,
755 3496 850 3553 66,
876 3512 926 3543 n.
954 3512 1000 3557 7.

432 3573 552 3622 Cu.
580 3575 776 3622 XXXI.
803 3589 848 3623 ι.
873 3575 963 3622 Ad
987 3575 1250 3624 varietates
1278 3594 1368 3625 an-

285 3687 288 3690 ·
359 3667 503 3699 nona·
510 3670 531 3708 ;
545 3651 587 3698 εἰ
593 3652 802 3716 pretium
812 3653 914 3712 ejus
925 3653 1132 3701 variaret
1140 3665 1187 3702 et
1195 3667 1370 3719 praeter

358 3730 561 3778 modum
575 3742 825 3779 cresceret.
836 3758 905 3768 -—
924 3731 1268 3799 Utilitatefides
1285 3750 1370 3781 an-

360 3808 675 3874 tiquior-ficit,
702 3809 816 3856 vide
842 3808 905 3857 ad
929 3811 980 3866 1,
1012 3811 1101 3867 32,
1137 3826 1185 3856 n.
1217 3811 1263 3858 3.

429 3906 477 3937 2.
501 3888 736 3936 Samnites
756 3887 1001 3942 nobiscum
1011 3887 1203 3953 soedem
1208 3889 1372 3953 juncti

357 3979 492 4025 sunt,
521 3967 635 4016 vide
658 3983 763 4032 cap.
790 3981 869 4029 19.
896 3993 966 4003 —-
992 3969 1216 4032 legatos,
1251 3967 1378 4016 sicut

343 4045 435 4110 fas
455 4047 635 4112 jusque
660 4058 751 4104 est,
795 4046 1033 4094 mittemus
1042 4064 1065 4104 ,-
1091 4046 1246 4110 prima
1273 4061 1373 4093 vox

360 4124 541 4188 legatos
569 4124 734 4175 deficit
756 4126 808 4173 in
835 4125 968 4174 Leid.
994 4142 1021 4173 α
1052 4137 1102 4173 et
1122 4125 1287 4173 Lovel.
1321 4141 1340 4171 ι
1357 4158 1371 4183 ,

1468 2800 1578 2848 qua
1600 2787 1744 2835 etiam
1758 2789 1925 2837 abesse
1940 2800 2130 2853 potest3
2153 2791 2338 2838 mittere
2354 2793 2486 2840 enim

1466 2864 1645 2928 saepius
1661 2877 1801 2913 notat
1817 2867 2009 2914 mittere
2026 2866 2227 2930 legatos.
2246 2870 2319 2916 Eo
2339 2885 2485 2918 sensu

1464 2940 1565 2990 hoc
1583 2943 1735 2991 verbo
1747 2944 1914 2991 Livius
1936 2960 2081 3008 supra
2101 2960 2216 2991 usus
2230 2956 2303 2993 est
2318 2948 2367 3003 1,
2388 2948 2454 2994 56
2470 2963 2487 2997 ε

1465 3019 1677 3083 Delphos
1697 3021 1771 3069 ad
1791 3022 2006 3070 maxime
2027 3023 2244 3071 inclitum
2274 3023 2324 3070 in
2347 3026 2486 3073 terris

1465 3099 1718 3147 oraculum
1734 3100 1920 3147 mittere
1934 3101 2192 3150 statuie.v1
2203 3135 2220 3161 ,
2244 3116 2304 3148 ιο
2317 3116 2331 3149 :
2349 3101 2487 3151 Mitti

1463 3189 1627 3226 tamen
1646 3178 1720 3226 ad
1724 3179 1971 3243 prittcipes
1997 3196 2161 3227 eorum
2172 3181 2392 3244 placuit,
2429 3193 2485 3229 ut

1462 3269 1760 3305 secernerent
1775 3274 1828 3305 se
1846 3259 1911 3305 ab
1927 3259 2158 3307 Etruscis.
2181 3260 2336 3307 XXX
2351 3294 2365 3319 ,
2387 3259 2478 3308 35:

1466 3335 1643 3384 Omnia
1663 3352 1744 3384 eos
1769 3353 1908 3402 aeque
1928 3337 2289 3402 impetraturos,
2316 3340 2362 3387 .ςί
2382 3340 2478 3385 Βο-

1454 3430 1588 3462 mam
1605 3415 1863 3474 misissent,
1887 3416 2030 3463 dixit.
2051 3417 2160 3464 Pari
2180 3431 2326 3464 sensu
2338 3419 2475 3467 Grae·

1454 3512 1542 3545 cos
1564 3498 1718 3546 verbo
1737 3496 1949 3565 πέμπειν
1978 3509 2095 3542 usos
2115 3494 2290 3554 fuisse,
2315 3492 2473 3543 allatis

1456 3573 1692 3638 exemplis
1722 3573 1899 3638 probat
1937 3576 2168 3623 staveren
2205 3572 2268 3619 ad
2306 3574 2475 3636 Nepo-

1455 3661 1553 3700 tem
1564 3687 1579 3710 ,
1596 3652 1894 3700 Themistoe.
1912 3668 2018 3716 cap.
2035 3666 2057 3698 1
2070 3666 2113 3699 1.
2129 3653 2219 3699 En.
2240 3678 2312 3687 —
2328 3652 2473 3699 Man-

1456 3729 1628 3777 datum
1653 3732 1941 3787 attulerant,
1973 3729 2159 3777 scilicet
2187 3730 2349 3793 legati.
2379 3732 2473 3776 At-

1457 3809 1638 3855 tulerat
1651 3809 1747 3856 alii.
1770 3837 1837 3846 —-
1858 3812 2029 3857 Vestra
2048 3820 2174 3856 certe
2191 3806 2469 3872 defendetis.

1456 3875 1503 3938 ἢ
1522 3886 1626 3953 οὐχὶ
1647 3887 1729 3939 καὶ
1760 3889 1899 3956 ἡμεῖς
1930 3889 1976 3940 ἰν
2006 3890 2105 3947 τοῖς
2130 3886 2314 3946 οἰκείοις
2343 3885 2471 3962 οὕτω

1423 3969 1428 3974 “
1458 3970 1687 4035 ποιοῦμεν
1702 4001 1720 4029 ,
1741 3969 1917 4035 μᾶλλον
1940 3967 2127 4019 ἐκείνων
2144 3966 2471 4037 φροντίζοντες

1460 4050 1555 4096 τῶν
1599 4044 1732 4104 ὅλους
1777 4047 1972 4107 {aut-obe
2001 4041 2373 4099 ἐπιδεδωκότων
2408 4050 2473 4114 τῇ

1458 4125 1678 4193 ἡμετέρᾳ
1709 4126 1942 4193 θεραπείᾳ
1958 4164 1973 4189 ,
1997 4125 2079 4178 καὶ
2106 4127 2287 4178 τούτων
2308 4143 2477 4196 προνο-
