3000 4717
469 305 602 378 106
1301 313 1376 379 T.
1437 313 1715 380 L1v11
2148 290 2278 392 223:
2301 292 2526 410 §22:331

457 444 639 535 state
677 444 927 501 contra
977 436 1178 527 spem
1223 434 1550 503 omnium
1587 448 1732 505 tres
1778 433 2054 531 patricii
2101 436 2321 506 creati
2367 449 2535 505 sunt
2557 489 2577 524 ‚

457 547 539 613 C.
594 541 821 613 Julius
879 541 1126 630 Julus,
1175 547 1244 612 Ρ.
1308 544 1689 614 Cornelius
1739 547 2001 614 Cossus
2032 597 2051 630 ,
2102 548 2181 615 C.
2245 545 2581 615 Servilius

369 642 376 645 ³
456 654 703 727 Ahala.
747 652 1426 755 Artemqadhibitam
1459 653 1703 725 ferunt
1740 679 1780 725 a
1820 655 2169 752 patriciiS,
2211 654 2417 748 cujus
2457 679 2582 725 eos

459 765 638 836 Icilii
679 780 834 835 tum
877 789 1171 860 quoque
1211 764 1760 853 insimulabant,
1803 762 2005 860 quod
2047 763 2342 834 turbam
2392 764 2582 834 indi-

459 899 771 972 gnorum
829 874 1375 946 candidatorum
1437 872 1997 946 intermiscendo
2055 872 2286 970 dignis
2308 928 2328 962 ,
2371 872 2583 944 taedio

458 984 780 1056 sordium
816 996 838 1027 ¹
887 987 962 1055 in
1005 985 1434 1082 quibusdam
1477 986 1865 1082 insignium
1893 1039 1912 1072 ‚
1957 984 2310 1081 populum
2348 1009 2389 1053 a
2427 985 2584 1081 ple-

456 1097 638 1169 beiis
678 1098 1118 1168 avertissent.
1142 1097 1441 1168 Volscos
1479 1095 1741 1167 deinde
1764 1106 1792 1137 ²
1825 1110 1896 1167 et
1927 1099 2231 1191 AEqnoe,
2262 1118 2390 1164 seu
2424 1098 2586 1164 Car-

456 1224 766 1281 ventana
802 1234 929 1280 arx
963 1222 1243 1278 retenta
1280 1208 1356 1276 in
1389 1204 1629 1304 spem,
1665 1207 2207 1304 seuVerrugine
2228 1206 2585 1275 ,amissum

458 1319 864 1417 praesidium
896 1318 985 1388 ad
1016 1319 1196 1389 iram
1230 1317 1693 1414 compulisset
1712 1371 1731 1404 ‚
1759 1315 1946 1386 fama
1977 1314 2272 1387 affertur
2308 1339 2588 1387 summa

459 1432 530 1499 vi
580 1430 672 1499 ad
724 1429 998 1500 bellum
1055 1442 1344 1500 coortos
1391 1454 1405 1495 z
1455 1442 1673 1524 caput
1723 1451 1969 1498 rerum
2020 1427 2336 1497 Antiates
2372 1450 2585 1507 ,esset

463 1564 717 1609 eorum
769 1539 1037 1637 legatos
1086 1540 1463 1634 utriusque
1512 1539 1744 1636 gentis
1787 1537 2097 1635 populos
2143 1538 2591 1625 circumisse,

462 1650 881 1746 castigantes
921 1648 1310 1743 ignaviam,
1351 1646 1553 1741 quod
1574 1701 1592 1735 ,
1628 1645 1855 1717 abditi
1894 1649 2082 1717 intra
2127 1670 2374 1717 muros
2396 1700 2416 1734 ,
2452 1669 2589 1742 po-

462 1758 926 1855 pulabundos
971 1758 1046 1826 in
1086 1758 1269 1852 agris
1309 1757 1550 1853 vagari
1586 1761 1948 1827 Romanos
1985 1758 2225 1854 priore
2264 1780 2488 1845 ann0‚
2517 1770 2591 1826 et

463 1868 775 1966 opprimi
807 1868 1227 1962 Verruginis
1260 1866 1707 1964 praesidium,
1743 1869 1929 1964 passi
1967 1884 2223 1941 essent.
2254 1875 2410 1940 Jam
2437 1895 2596 1941 non

466 1981 820 2051 exercitus
862 1977 1082 2048 'modo
1120 1992 1466 2067 armatos,
1503 1976 1629 2049 sed
1665 1978 1981 2047 colonias
2014 1980 2224 2048 etiam
2248 2033 2267 2067 ‚
2309 1981 2383 2049 in
2424 2005 2592 2050 suos

464 2089 647 2161 fines
686 2090 874 2159 mitti
908 2117 921 2157 ε
962 2113 1098 2159 nec
1144 2088 1335 2185 ipsos
1371 2088 1594 2158 modo
1636 2092 2000 2158 Romanos
2037 2111 2164 2156 sua
2201 2087 2422 2157 divisa
2460 2086 2599 2157 ha·-

461 2201 678 2287 bere,
723 2198 850 2271 sed
895 2200 1363 2270 Ferentinum
1410 2200 1624 2270 etiam
1680 2197 1769 2268 de
1813 2222 1886 2267 se
1933 2210 2222 2294 captum
2264 2198 2593 2268 Hernicis

466 2312 786 2382 donasse.
826 2310 933 2381 Ad
971 2310 1122 2380 haec
1154 2333 1380 2406 quum
1420 2307 2037 2378 inflammarentur
2075 2306 2332 2393 animi,
2376 2320 2457 2375 ut
2502 2307 2595 2376 ad

469 2446 798 2519 quosque
836 2435 1138 2491 ventum
1170 2435 1354 2504 erat,
1393 2442 1739 2487 numerus
1770 2417 2143 2511 juniorum
2183 2414 2594 2488 conscribe-

469 2530 718 2601 batur:
761 2533 857 2600 ita
891 2533 1217 2601 omnium
1249 2527 1694 2627 populorum
1721 2527 2063 2622 juventus
2093 2529 2387 2599 Antium
2417 2551 2593 2598 con-

468 2655 729 2732 tracta,
776 2641 877 2712 ibi
917 2643 1160 2712 castris
1196 2640 1446 2737 positis
1479 2638 1764 2709 hostem
1795 2639 2381 2737 opperiebantur.
2418 2641 2623 2729 Quae,

472 2751 598 2822 ubi
627 2753 944 2824 tumultu
973 2744 1244 2845 ma'jore
1270 2750 1485 2819 etiam
1510 2804 1529 2838 ‚
1567 2774 1784 2845 quam
1811 2775 1927 2821 res
1955 2765 2105 2822 erat
2123 2805 2142 2838 ,
2167 2751 2597 2821 nuntiantur

472 2867 773 2935 Romam
792 2919 811 2953 ,
841 2877 1130 2935 senatus
1158 2861 1557 2959 extemp10‚
1586 2860 1789 2956 quod
1818 2862 1891 2930 in
1921 2859 2141 2930 rebus
2172 2857 2471 2954 trepidis
2495 2855 2599 2925 ul-

470 2977 731 3044 timum
779 2974 1159 3045 consilium
1208 2987 1359 3054 erat
1381 3025 1399 3059 ‚
1437 2972 1862 3041 dictatorem
1908 2969 2048 3036 dici
2086 2969 2315 3061 jussit.
2362 2971 2599 3055 Quam

472 3107 625 3153 rem
678 3108 862 3179 aegre
912 3104 1156 3177 passos
1196 3080 1461 3150 Julium
1496 3078 2071 3175 'Corneliumque
2112 3074 2395 3165 ferunt3
2446 3101 2598 3145 ma-

473 3216 763 3291 gnoque
803 3190 1189 3261 certamine
1227 3190 1635 3258 animorum
1677 3211 1830 3257 rem
1869 3201 2133 3258 actam:
2179 3213 2408 3284 quum
2448 3190 2597 3285 pri-

472 3326 710 3372 mores
746 3306 1037 3370 Patrum
1060 3352 1079 3386 ‚
1113 3297 1610 3394 nequidquam
1643 3299 2057 3392 conquesti,
2100 3323 2252 3369 non
2290 3323 2441 3369 esse
2464 3295 2492 3341 ³
2522 3299 2601 3367 in

476 3410 896 3483 auctoritate
929 3421 1218 3478 senatus
1249 3406 1584 3480 tribunos
1608 3407 1952 3497 militum,
1986 3422 2356 3507 postremo
2387 3410 2599 3479 etiam

549 3606 674 3654 ΟΜ».
693 3606 819 3651 LVI.
854 3618 896 3649 1.
927 3599 1090 3648 Toedio
1107 3599 1346 3658 sordium,
1377 3597 1490 3647 infi-
1579 3608 1683 3640 eam
1698 3591 2097 3658 oppugnantibus
2115 3626 2130 3651 ‚
2152 3592 2199 3639 in
2222 3607 2352 3656 spem
2369 3587 2600 3661 felicioris

481 3685 550 3732 mi
564 3686 752 3749 generis
765 3681 1016 3748 turpisque
1029 3681 1164 3740 vitae‚
1185 3681 1521 3745 indignorum·
1580 3690 1829 3721 successus
1849 3673 1994 3733 belli,
2022 3688 2132 3731 seu,
2168 3682 2261 3720 etc.
2291 3669 2470 3719 Confer
2479 3669 2544 3724 V,
2567 3683 2600 3730 9

478 3764 852 3812 candidatorum
868 3779 931 3811 ex
947 3760 1166 3828 plebeiis.
1187 3761 1368 3810 Confer
1384 3776 1491 3824 cap.
1579 3772 1656 3819 pr.
1678 3782 1747 3791 —
1758 3757 1877 3803 Vox
1883 3753 2037 3820 fama
2056 3753 2136 3801 vel
2152 3752 2311 3816 primo
2325 3784 2340 3809 ‚
2357 3748 2436 3795 vel
2460 3757 2600 3794 sexto

486 3841 548 3900 57
576 3852 700 3889 extr·
1583 3850 1696 3881 casu
1723 3834 1881 3899 accipi
1907 3843 2089 3898 potest.
2115 3857 2183 3867 -—
2210 3832 2336 3878 Mox
2357 3830 2600 3875 Romanos

551 3935 600 3965 α.
621 3920 812 3967 Volscos
830 3919 1002 3967 deinde
1020 3932 1069 3967 ec
1079 3920 1266 3984 AEquos
1275 3954 1291 3977 ,
1310 3917 1495 3966 scilicet
1581 3929 1672 3967 sua
1684 3912 1858 3962 divisui
1869 3912 2047 3960 habere
2063 3909 2272 3958 malebat
2286 3910 2439 3957 Gron.
2455 3903 2602 3953 Conf.

484 3995 620 4061 quod
657 4012 739 4042 seu
784 3997 1086 4046 Carventana
1133 4014 1229 4045 arx
1272 4008 1490 4053 retenta,
1583 3992 1646 4040 ad
1667 3996 1692 4040 1
1708 4027 1724 4052 ,
1750 3992 1841 4050 54,
1870 4006 1919 4038 n.
1940 3991 1989 4037 6.

485 4085 789 4141 propugnata
837 4086 885 4121 et
932 4075 1126 4123 defensa
1170 4091 1197 4122 a
1239 4076 1496 4133 Romanis,
1659 4073 1705 4119 3.
1728 4070 1842 4117 Non
1865 4083 1962 4116 esse
1988 4067 2038 4114 in
2060 4065 2351 4115 auctoritate
2375 4074 2599 4119 senatvs,
