3000 4717
475 380 526 421 l.
556 379 604 420 C.
633 382 723 435 387.

481 445 725 486 affl,
1001 360 1197 469 ΠΒ.
1251 400 1336 467 v.
1389 398 1607 466 cAP.
1661 398 1739 465 L.
1784 360 1924 466 m.
2413 423 2542 469 221

419 517 619 595 inter
653 519 1209 620 trepidationem
1229 520 1325 588 in
1359 524 1397 589 J
1399 518 1552 588 ovis
1587 517 1839 588 cellam
1872 513 2211 589 collatum
2227 575 2247 609 ,
2285 543 2515 617 quum
2531 576 2552 611 ‚

425 634 503 703 in
541 659 703 730 quae
737 630 991 704 referri
1027 643 1434 727 oporteret,
1477 626 1779 699 confusa
1808 629 2155 699 memoria
2191 645 2408 721 esset,
2446 657 2553 703 sa-

424 767 631 815 crum
673 767 889 815 omne
921 740 1321 835 judicatum
1343 793 1362 826 ,
1390 752 1479 809 ‘et
1525 738 1660 809 sub
1705 739 1919 809 Jovis,
1942 736 2160 810 sella⁶
2197 743 2375 837 poni
2404 744 2552 837 jus-

426 876 606 922 sum.
636 857 673 922 J
677 877 792 923 am
822 864 989 922 ante
1013 851 1089 920 in
1111 874 1199 922 eo
1221 850 1474 946 religio
1505 849 1805 919 civitatis
1827 863 2256 947 appar-uerat
2273 905 2293 938 ,
2319 852 2552 946 quod,

424 986 652 1058 quum
720 964 798 1033 in
854 960 1149 1059 publico
1208 958 1486 1031 deesset
1541 960 1833 1048 aurum',
1911 984 2002 1030 ex
2061 983 2211 1057 quo
2273 985 2554 1033 summa

424 1086 646 1168 pactae
678 1070 1035 1144 mercedis
1064 1070 1284 1141 Gallis
1321 1068 1709 1158 confieret,
1742 1094 1782 1139 a
1817 1072 2169 1142 matronis
2209 1069 2553 1143 collatum

424 1195 848 1278 acceperant
882 1236 900 1270 ,
975 1195 1059 1250 ut
1117 1204 1320 1251 sacro
1390 1204 1568 1264 auro
1636 1177 2139 1252 abstineretur.
2206 1182 2557 1252 Matronis

424 1292 666 1388 gratiae
699 1304 903 1378 actae,
942 1290 1326 1386 honosque·
1353 1287 1678 1375 add-ituS,
1719 1301 1802 1370 ut
1834 1312 2115 1376 earum,
2152 1290 2338 1362 sicut
2368 1289 2555 1359 viro-

422 1424 623 1488 rum,
675 1415 840 1497 post
880 1415 1191 1471 mortem
1238 1398 1559 1468 solennis
1612 1397 1930 1467 laudatio
1979 1413 2189 1470 esset.
2244 1400 2339 1470 Iis
2392 1403 2555 1498 per-

424 1512 631 1599 actiS,
671 1535 832 1608 quae
870 1510 962 1580 ad
998 1509 1174 1581 deos
1202 1506 1693 1605 pertinebant,
1733 1532 2041 1604 quaeque
2069 1533 2200 1606 per
2229 1525 2556 1581 senatum

426 1620 539 1716 agi
556 1633 890 1718 poterant
907 1646 927 1707 ς
952 1634 1110 1697 tum
1131 1617 1426 1688 demum
1442 1673 1462 1707 ,
1484 1616 1917 1713 agitantibus
1939 1617 2249 1689 tribunis
2267 1619 2556 1717 plebem

427 1729 725 1800 assiduis
754 1725 1230 1800 concionibus
1251 1782 1270 1811 ,
1305 1741 1423 1815 ut,
1454 1727 1717 1798 relictis
1745 1728 2007 1816 ruinis,
2037 1728 2114 1797 in
2143 1727 2397 1812 urbem
2415 1754 2555 1827 ‚pa-

425 1844 692 1908 ratam⁷
722 1839 939 1909 Veios
967 1839 1557 1934 transmigrarent
1574 1890 1593 1921 ,
1622 1838 1699 1906 in
1725 1838 2185 1924 concionem,
2217 1841 2553 1922 universo

426 1960 680 2018 senatu
718 1961 1204 2044 prosequente
1231 2002 1250 2036 ,
1299 1946 1654 2035 ascendit,
1701 1961 1919 2043 atque
1953 1949 2052 2018 ita
2079 1948 2298 2020 verba
2331 1947 2500 2021 fecit
2537 1979 2551 2021 ε

520 2057 632 2125 LI.
662 2085 695 2120 ιι
710 2055 910 2126 Adeo
932 2055 1112 2125 mihi
1139 2054 1411 2127 acerbae
1426 2065 1448 2097 ¹
1470 2068 1666 2143 sunt,
1685 2057 2023 2146 QuiriteS,
2048 2060 2557 2133 contentiones

424 2193 460 2231 κ
496 2190 661 2237 cum
686 2165 995 2237 tribunis
1018 2163 1275 2263 plebis,
1290 2180 1374 2237 ut
1395 2189 1532 2237 nec
1555 2166 1941 2237 tristissimi
1965 2167 2191 2238 exsilii
2219 2169 2556 2240 solatium

367 2359 382 2376 ι
424 2306 458 2343 «
490 2276 686 2348 aliud
713 2276 1087 2348 habuerim
1109 2334 1128 2366 ,
1155 2277 1400 2372 quoad
1425 2276 1676 2372 Ardeae
1701 2278 1882 2366 vixi,
1909 2299 2130 2375 quam
2161 2279 2363 2376 quod
2392 2304 2557 2377 pro-

424 2415 460 2450 «
492 2388 610 2456 cul
650 2386 743 2456 ab
790 2387 902 2457 his
944 2386 1454 2459 certaminibus
1495 2412 1754 2462 eram:
1799 2404 1872 2462 et
1890 2387 2011 2460 ob
2068 2388 2321 2461 eadem
2363 2390 2552 2483 haec,

425 2524 461 2560 «
494 2520 680 2583 non,
710 2497 771 2565 si
801 2520 917 2566 me
947 2496 1575 2572 senatusconsulto
1600 2498 2069 2596 populique
2043 2525 2247 2595 Jussu
2271 2526 2557 2575 revoca·

426 2633 461 2667 «
477 2587 702 2691 retiS,
739 2582 1102 2675 rediturus
1138 2630 1463 2701 unquam
1505 2605 1782 2678 fuerim.
1847 2613 1997 2703 Nec
2045 2635 2242 2682 nunc
2281 2637 2436 2701 me,
2470 2628 2557 2684 ut

425 2742 461 2778 <‹
496 2712 851 2802 redirem,
882 2737 1042 2783 mea
1066 2714 1404 2786 voluntas
1427 2729 1753 2805 mutata,
1810 2718 1936 2788 sed
1982 2734 2242 2836 vestra
2263 2719 2557 2800 fortuna

429 2901 577 2950 Aium
591 2905 903 2967 Loquentem,
920 2901 1045 2948 Plut.
1056 2899 1242 2949 Camill.
1256 2915 1307 2963 p.
1322 2906 1446 2956 144,

428 2980 585 3051 φήμην
601 2980 683 3032 καὶ
701 2975 878 3035 ›0:15802
885 2997 934 3030 α.
947 2981 1086 3025 ——In
1102 2977 1231 3025 Iovis
1245 2975 1440 3033 cellam,

426 3059 541 3119 vide
563 3060 627 3107 ad
642 3063 744 3120 ΙΙΙ,
771 3076 833 3122 19
849 3095 863 3119 ‚
881 3076 933 3108 n.
955 3076 974 3105 ι
990 3074 1034 3106 1.
1050 3084 1108 3095 --
1126 3056 1259 3105 Cella
1277 3067 1350 3104 est
1371 3073 1446 3104 sa-

430 3138 634 3184 crarium
650 3172 665 3196 ‚
703 3138 838 3201 quod
889 3137 1058 3201 gallice
1107 3135 1314 3183 dicimus
1356 3151 1451 3182 une

430 3212 661 3277 chapelle.
683 3217 812 3264 Sella
834 3225 908 3264 est
930 3217 1068 3264 sedes
1089 3216 1143 3261 in
1171 3230 1266 3278 qua
1290 3214 1451 3278 posita

428 3303 534 3339 erat
568 3304 738 3340 statua.
770 3297 881 3342 Hoc
908 3294 1168 3341 discrimen
1197 3294 1450 3357 scripturae

427 3370 689 3435 diligenter
722 3371 1030 3419 observatum
1066 3383 1138 3420 est
1171 3373 1225 3418 in
1256 3372 1450 3437 scriptis

430 3450 613 3497 nostris
647 3460 696 3497 et
729 3438 784 3496 in
822 3451 1064 3499 Gronovii
1105 3450 1353 3509 editione3
1395 3452 1449 3498 in

433 3528 725 3592 quibusdam
735 3528 842 3576 aliis
854 3563 868 3585 ,
885 3544 1061 3591 magno
1075 3544 1243 3575 sensus
1260 3529 1450 3592 dispen-

430 3606 517 3655 dio
529 3644 543 3668 ‚
563 3607 857 3671 neglectum.
871 3608 962 3653 En.
974 3609 1113 3653 -In
1128 3622 1239 3669 quoe
1254 3606 1422 3671 referri
1426 3642 1444 3665 ,

434 3687 538 3733 scil.
562 3686 758 3750 templa.

504 3766 553 3812 6.
576 3766 671 3811 Sub
694 3764 826 3812 Iovis
841 3763 985 3819 sella,
1013 3777 1100 3809 seu
1118 3763 1243 3810 solio
1255 3798 1269 3821 ‚
1282 3764 1335 3811 in
1353 3781 1452 3827 quo

431 3844 741 3892 simulacrum
766 3844 798 3890 J
800 3841 909 3889 ovis
929 3841 1198 3904 repositum
1224 3854 1340 3890 erat.
1376 3844 1451 3892 cf.

431 3922 800 3972 Plin.xxx111
811 3954 826 3980 ,
846 3936 891 3979 1,
909 3937 995 3968 seu
1010 3920 1213 3967 ⁵.--Ex
1226 3937 1322 3984 quo
1334 3938 1455 3972 sume

433 4019 516 4050 ma
523 4014 689 4067 paccoe
707 4000 935 4048 mercedis
957 3998 1114 4050 Gallis
1130 3998 1381 4067 confieret,
1405 4018 1450 4049 v.

434 4082 663 4152 Oudend.
693 4080 756 4128 ad
777 4083 908 4128 Suet.
928 4079 1049 4127 Caes.
1073 4080 1202 4137 XX,
1218 4091 1268 4127 et
1281 4081 1451 4128 Heius.

438 4160 500 4207 ad
512 4162 683 4224 virgil.
699 4158 891 4210 AEneid.
912 4159 1003 4218 IV,
1029 4173 1050 4205 1
1064 4159 1143 4205 16.
1165 4186 1234 4195 --
1257 4159 1327 4207 Iis
1338 4175 1453 4224 per-

1532 2897 1680 2955 actis,
1703 2910 1786 2947 aut
1804 2898 2064 2948 delendum
2081 2901 2174 2959 Iis,
2197 2914 2281 2951 aut
2296 2904 2555 2968 legendum

1536 2977 1617 3023 Ita
1629 2994 1651 3033 ,·
1679 2979 1849 3026 Bauer.

1608 3070 1656 3114 7.
1679 3057 1740 3102 In
1767 3056 1927 3105 urbem
1939 3068 2179 3120 paratam
2198 3059 2362 3120 Veios,
2386 3062 2556 3111 confer

1537 3132 1601 3180 ad
1623 3150 1729 3198 cap.
1755 3142 1847 3193 24,
1874 3151 1924 3183 n.
1958 3143 2005 3190 4.

1609 3212 1731 3261 Cu.
1759 3215 1839 3261 LI.
1871 3229 1912 3261 ι.
1939 3214 2170 3262 Eamdem
2198 3232 2298 3264 rem
2324 3217 2554 3268 Camillus

1533 3291 1632 3351 iam
1656 3291 1945 3340 dissuaserat
1970 3309 2077 3358 sup.
2097 3310 2141 3342 c.
2164 3295 2228 3342 30
2242 3331 2256 3354 ‚
2288 3297 2373 3350 sed
2393 3298 2554 3346 brevi-

1541 3380 1631 3430 ter,
1658 3388 1749 3419 nec
1776 3383 1910 3420 tanta
1931 3384 2034 3421 arte
2057 3389 2115 3420 ac
2141 3375 2392 3438 gravitate.
2406 3380 2557 3426 —Ee

1540 3451 1599 3497 ob
1624 3451 1795 3498 eadem
1814 3451 1942 3510 hoec,
1964 3468 2087 3510 non,
2109 3452 2175 3510 si,
2199 3463 2434 3501 etc.recte
2455 3470 2556 3502 om·

1536 3544 1624 3576 nes
1642 3530 1767 3578 Mss
1789 3541 1839 3579 et
1860 3531 1973 3578 edd.
1992 3542 2112 3579 antt.
2133 3543 2245 3580 ante
2268 3532 2476 3579 Froben.
2496 3536 2559 3582 In

1537 3605 1630 3654 hac
1652 3619 1701 3655 et
1720 3620 1846 3656 caett.
1870 3609 1932 3656 ad
1955 3612 2096 3658 Crev.
2114 3626 2369 3674 perperam
2381 3610 2559 3674 legitur

1471 3735 1474 3742 ,
1541 3685 1662 3732 nisi:
1675 3702 1788 3733 nam
1801 3703 1904 3734 non
1916 3688 2012 3734 alio
2030 3687 2180 3735 modo
2200 3688 2358 3736 redire
2370 3691 2556 3754 potuit,

1543 3774 1591 3809 et
1619 3764 1790 3826 utique
1822 3765 1891 3812 ita
1921 3765 2083 3830 rediit.
2115 3766 2288 3813 Baueri
2309 3778 2425 3815 nota
2452 3782 2555 3825 est:

1544 3863 1570 3883 κ
1591 3842 1691 3888 Vix
1710 3842 1869 3889 habeo
1881 3877 1895 3901 ‚
1915 3843 2050 3904 quod
2066 3855 2237 3891 contra
2263 3844 2445 3908 dicam,
2463 3850 2560 3898 nisi

1544 3920 1679 3983 quod
1696 3921 1845 3985 paulo
1867 3921 2098 3970 audacior
2124 3922 2215 3986 ista
2242 3930 2560 3979 recusationis

1543 3997 1834 4062 significatio
1854 4012 1942 4049 est.
1967 4001 2063 4049 Sed
2088 4002 2339 4072 Camillum
2365 4024 2459 4071 pro
2474 4026 2560 4058 au..

1544 4078 1768 4126 ctoritate
1794 4080 1933 4144 loqui
1961 4080 2167 4145 aliquid,
2189 4082 2321 4132 haud
2348 4089 2558 4150 graviter
2614 4103 2616 4105 ’

1543 4155 1669 4206 ferre
1692 4169 1934 4225 poterant.
1955 4182 1980 4203 n
2003 4162 2069 4213 Τὸ
2089 4162 2133 4210 si
2151 4178 2355 4213 nervose
2373 4165 2557 4215 dictum
