3000 4717
25 0 42 130 *effla-...¹

58 0 71 1 1

381 332 384 336 Δ
452 358 692 465 ῧχῖζζῗξς
886 379 1205 447 LIBER
1253 379 1471 445 vm.
1526 379 1738 446 CAP.
1791 351 1848 444 1.
1903 380 2001 446 11.
2360 384 2504 476 429

402 523 702 596 corpora
740 498 1053 569 hostium
1077 552 1095 586 ,
1129 512 1283 567 tum
1308 500 1383 567 in
1413 499 1656 568 castris
1693 499 1984 569 inventa
2019 513 2123 571 est
2157 527 2171 568 :
2208 525 2298 571 ea
2325 507 2504 574 Luoe

400 614 618 677 matri
643 608 821 701 dare
852 632 961 690 se,
1003 608 1254 677 consul
1288 605 1466 676 dixit
1508 633 1523 676 ε
1568 604 1894 703 finesque
1926 606 2239 677 hostium
2277 634 2507 707 usque

401 716 488 786 ad
534 742 732 787 oram
779 717 1203 786 maritimam
1257 731 1361 785 est
1398 716 1906 813 depopulatus.
1961 717 2184 788 Alteri
2228 712 2505 793 consuli

401 828 678 898 AEmilio
701 881 720 915 ‚
762 828 1083 923 ingresso
1134 823 1481 895 sabellum
1534 831 1821 923 agrum,
1857 843 2278 898 nom-castra
2314 834 2504 900 Sam-

400 939 656 1013 nitium
676 992 695 1024 ‚
723 962 875 1007 non
898 936 1215 1033 legiones
1238 960 1541 1032 usquam
1563 937 1928 1034 oppositae.
1961 941 2178 1008 Ferro
2214 939 2505 1035 ignique

363 1095 370 1104 ·
402 1062 792 1118 vastantem
831 1072 1036 1142 agros
1075 1047 1283 1143 legati
1319 1048 1745 1116 Samnitium
1777 1071 2026 1143 pacem
2066 1065 2352 1119 orantes
2380 1049 2504 1119 ad-

401 1171 577 1226 eunt
593 1210 611 1242 ‚
633 1182 673 1226 a
694 1181 842 1252 quo
866 1157 1110 1251 rejecti
1134 1155 1224 1225 ad
1247 1170 1603 1242 senatum,
1623 1170 1978 1253 potestate
2000 1156 2178 1228 facta
2199 1158 2505 1250 dicendi,

401 1267 646 1364 positis
674 1265 1030 1337 ferocibus
1056 1266 1345 1349 animiS‚
1376 1289 1626 1361 pacem
1661 1263 1795 1333 sibi
1824 1265 1914 1335 ab
1950 1268 2285 1337 Romanis
2310 1267 2508 1338 belli-

402 1400 544 1471 que
582 1378 701 1472 jus
736 1376 1071 1448 adversus
1109 1375 1459 1445 Sidicinos
1487 1375 1871 1471 petierunt.
1928 1379 2112 1467 Quae
2153 1401 2229 1446 se
2266 1402 2351 1448 eo
2371 1380 2506 1471 ju-

399 1494 574 1557 stius
609 1502 861 1583 petere
879 1541 900 1572 ,
965 1485 1172 1581 quod
1222 1501 1294 1553 et
1347 1489 1420 1554 in
1472 1490 1864 1554 amicitiam
1909 1483 2182 1580 populi
2221 1496 2510 1561 romani

401 1597 730 1666 secandis
751 1602 897 1666 suis
924 1596 1130 1665 rebus
1144 1647 1165 1679 ,
1201 1618 1347 1663 non
1375 1592 1728 1679 adversis,
1760 1611 1840 1663 ut
1863 1598 2250 1692 Campani,
2280 1605 2506 1669 venis·

401 1720 588 1787 sent‚·
608 1722 677 1774 et
692 1706 1034 1774 adversus
1052 1704 1402 1775 Sidicinos
1418 1718 1779 1772 sumerent
1790 1728 1998 1773 arma
2011 1756 2031 1788 ,
2051 1728 2216 1775 suos
2228 1700 2510 1804 semper

402 1813 658 1900 hostes,
697 1814 967 1911 populi
995 1820 1281 1884 romani
1308 1839 1689 1909 nunquam
1731 1821 2028 1902 amicos,
2065 1825 2199 1913 qai
2230 1842 2387 1905 nec,
2434 1835 2515 1889 ut

402 1928 778 2010 Samnites,
826 1930 899 1992 in
930 1949 1120 2019 pace
1156 1929 1581 2008 amicitiam,
1622 1947 1781 2008 nec,
1824 1940 1906 1994 ut
1945 1928 2333 2022 Campam,
2370 1953 2503 1997 au—

402 2032 661 2104 xi'lzutn
689 2059 763 2102 m
797 2032 983 2103 bello
1011 2039 1387 2130 petissent,
1427 2058 1557 2102 nec
1595 2032 1861 2150 infide
1893 2034 2164 2131 populi
2191 2046 2500 2122 romani,

402 2169 533 2216 nec
565 2172 639 2216 tn
673 2144 942 2215 ditione
978 2140 1268 2215 essent3.

499 2261 586 2327 II.
645 2261 892 2348 Quum
956 2256 1046 2327 de
1105 2256 1479 2354 postulatis
1539 2257 1966 2326 Samnitium
2023 2260 2127 2328 Ti.
2189 2260 2510 2332 AEmilius

406 2384 664 2463 praetor
704 2384 1029 2439 senatum
1066 2367 1580 2453 consuluisset,
1617 2365 2217 2465 reddendumque
2245 2370 2355 2442 his
2381 2369 2513 2443 foe-

407 2472 542 2542 dus
568 2478 809 2544 Patres
836 2477 1314 2563 censuissent,
1348 2490 1613 2571 praetor
1634 2477 2072 2548 Samnitibus
2101 2483 2515 2578 respondit.

406 2588 559 2655 Nec
602 2606 745 2677 quo
794 2577 1025 2653 minus
1045 2595 1405 2678 perpetua
1443 2609 1605 2653 cam
1650 2591 1749 2655 eis
1782 2592 2098 2657 amicitia
2149 2608 2343 2678 esset,
2374 2617 2521 2689 per

399 2688 751 2789 populum
769 2715 1148 2775 romanum
1169 2697 1433 2760 stetisse
1448 2702 1468 2732 ¹
1478 2716 1654 2777 ,nec
1673 2696 2096 2783 contradici,
2121 2724 2324 2793 qum,
2350 2727 2518 2797 quo·

409 2808 603 2873 niam
644 2809 830 2900 ipsos
867 2798 1040 2870 belli
1076 2800 1283 2895 culpa
1317 2824 1451 2869 sua
1501 2811 1855 2874 contracti
1885 2805 2186 2876 taedium
2220 2817 2507 2904 ceperit,

408 3019 473 3067 ad
492 3023 565 3079 11,
592 3005 648 3080 ᾗ,
672 3037 724 3068 n.
750 3029 797 3076 4.
817 3046 885 3058 -·—
908 3022 1015 3067 Lua
1037 3020 1201 3066 Mater
1225 3016 1420 3065 Saturni
1508 3015 1744 3063 Samnites
1773 3015 1870 3065 alio
1897 3017 2097 3065 nomine
2120 3017 2335 3068 Sabellos
2359 3021 2519 3073 dictos

409 3095 509 3146 filia
542 3098 689 3162 (vide
725 3097 847 3146 Gen.
878 3099 1004 3144 xm
1021 3132 1035 3154 ‚
1082 3113 1144 3143 αα
1173 3093 1304 3161 pn),
1350 3094 1419 3145 sie
1508 3111 1611 3142 esse
1625 3096 1761 3146 testis
1775 3106 1846 3142 est
1860 3094 1982 3142 Plin.
1998 3098 2102 3154 111,
2127 3100 2330 3161 12‚quia
2345 3117 2520 3167 nempe

413 3174 541 3221 dicta
562 3193 589 3223 a
613 3177 767 3233 luere,
796 3192 881 3223 seu
905 3175 1123 3238 expiare,
1144 3175 1220 3222 vel
1234 3175 1389 3221 Diana
1404 3207 1419 3232 ,

411 3252 453 3301 si
473 3252 595 3301 fides
618 3254 840 3301 habenda
860 3253 1098 3300 Diomedi·
1113 3254 1201 3301 lib.
1226 3256 1301 3300 ΙΙΙ
1320 3286 1334 3311 ,
1365 3268 1418 3315 p.

413 3334 512 3388 484
526 3366 540 3391 ,
586 3333 646 3379 de
681 3333 804 3395 orig.
841 3330 1009 3378 Bucol.
1048 3332 1261 3378 Dianam
1291 3331 1418 3384 Λὺῃν

412 3411 865 3475 cognominaverunt
882 3444 896 3464 ‚
961 3408 1106 3471 quasi
1150 3410 1422 3456 solatricem

414 3491 650 3537 malorum
660 3509 680 3546 ;
689 3489 776 3536 etsi
788 3488 982 3551 quidam
993 3490 1178 3533 Lunam
1191 3498 1422 3550 corrupte

413 3570 568 3614 Luam
580 3579 752 3630 putant
766 3566 957 3614 dictam.
971 3565 1165 3615 Confer.
1181 3566 1273 3611 viri
1289 3564 1422 3612 docti

413 3646 535 3692 infra
551 3646 613 3693 ad
625 3647 779 3703 XLV,
806 3646 866 3692 33
881 3661 954 3709 pr.
971 3646 1054 3692 ubi
1067 3646 1315 3706 Luamque
1330 3659 1422 3707 pro

414 3727 694 3788 Lunamque
724 3724 1029 3771 substituere.
1057 3723 1114 3770 Ei
1141 3722 1421 3785 spolia-ho-

413 3805 561 3852 stium
579 3803 728 3850 dicari
750 3801 995 3862 solebant,
1020 3812 1075 3849 ut
1097 3801 1244 3847 Marti
1264 3810 1312 3846 et
1330 3801 1423 3846 Mi-

414 3882 722 3944 nervae3vide
735 3882 889 3940 XLV,
909 3882 971 3927 33
991 3897 1067 3945 pr.
1087 3871 1161 3925 De
1176 3893 1274 3942 quo
1288 3893 1423 3924 more

415 3980 544 4011 arma
595 3961 807 4009 hostium
862 3957 1205 4008 concremandi
1257 3957 1424 4004 confer

418 4041 685 4105 Schweigh.
711 4039 773 4086 ad
786 4037 998 4103 Appiari.
1022 4040 1142 4084 Pun.
1157 4036 1240 4090 48.
1258 4059 1328 4071 —-
1340 4035 1426 4081 Sa-

416 4121 590 4169 bellum
621 4134 790 4184 agrum
803 4152 819 4175 ,
859 4117 913 4164 id
938 4127 1036 4174 est,
1078 4113 1426 4162 Samniticum:

1506 3189 1535 3220 a
1554 3173 1743 3221 Sabinis
1760 3173 1856 3221 orti
1869 3184 2005 3221 erant
2016 3207 2030 3231 ,
2049 3186 2103 3222 ut
2116 3191 2349 3228 memorat
2361 3180 2519 3229 Varro

1509 3252 1569 3299 de
1593 3252 1711 3315 ling.
1730 3252 1798 3299 lat
1816 3253 1889 3299 VI
1905 3287 1918 3310 ,
1950 3254 1995 3299 3.
2014 3254 2106 3300 En.

1582 3332 1630 3378 3.
1656 3330 1760 3376 Nec
1785 3329 1834 3377 in
1845 3329 1958 3397 fide
1970 3332 2147 3394 populi
2167 3337 2384 3393 tomani,
2430 3354 2519 3385 nee

1511 3408 1780 3467 inditione,
1802 3409 1970 3456 confer
1980 3409 2108 3457 Duk.
2128 3421 2174 3457 et
2193 3412 2255 3459 ad
2268 3414 2520 3475 xxxvl,

1511 3489 1576 3534 28
1591 3525 1603 3541 ,
1614 3504 1663 3534 n.
1680 3502 1728 3533 2.
1743 3487 1962 3534 —Fides
1982 3488 2104 3535 nihil
2115 3490 2247 3537 aliud
2261 3504 2334 3539 est
2346 3527 2359 3551 ,
2375 3510 2519 3557 quam

1511 3565 1729 3614 defensio
1749 3576 1797 3614 et
1821 3566 2041 3613 clientela
2064 3583 2125 3615 ex
2146 3566 2245 3617 fide
2272 3588 2493 3635 expressa
2506 3607 2523 3635 ,

1513 3644 1590 3692 vel
1602 3646 1770 3702 tacita3
1789 3645 1916 3699 unde
1920 3644 2056 3712 fides
2074 3656 2123 3693 et
2139 3648 2384 3707 clientela,
2390 3650 2526 3718 fides

1510 3734 1558 3768 et
1591 3721 1924 3784 patrocinium
1970 3739 2098 3787 saepe
2145 3728 2523 3791 conjunguntur.

1510 3801 1665 3847 Pon-o
1687 3816 1749 3846 ex
1767 3800 1863 3847 hoe
1877 3801 2002 3846 Livii
2018 3801 2130 3849 loeo
2147 3803 2327 3866 liquet,
2354 3807 2521 3857 discri

1511 3893 1621 3924 men
1644 3878 1771 3925 intex-
1789 3894 1873 3925 eos
1891 3893 2024 3935 esse,
2051 3880 2133 3941 qui
2155 3880 2343 3948 infide,
2369 3897 2416 3935 et
2435 3888 2521 3950 qui

1512 3959 1562 4007 in
1581 3954 1762 4001 ditione
1788 3965 1928 4014 sunt;
1955 3956 2089 4019 quod
2112 3958 2256 4006 etiam
2282 3962 2522 4026 significat

1512 4033 2347 4099 XXXIX‚54XXXV1‚28;
2397 4042 2524 4091 adde

1514 4113 1683 4160 Valet.
1700 4113 1976 4160 Maxim-VI
1992 4146 2006 4170 ,
2036 4114 2092 4171 5,
2117 4131 2193 4162 ex.
2220 4133 2261 4165 1.
2289 4121 2379 4168 En.
