3000 4717
2293 286 2523 342 ‚4042ss

468 315 563 388 60
1316 311 1394 383 T.
1459 311 1733 394 LIVII
2299 322 2539 401 111023241

467 462 672 525 rum,
710 461 867 533 quae
903 436 1235 506 nondum
1277 450 1483 532 capta
1530 449 1733 506 erant
1776 461 1790 503 :
1833 425 2087 504 eodem
2132 436 2377 505 omnis,
2407 438 2589 507 acies

470 547 875 620 inclinatur.
940 546 1252 634 Consul,
1302 545 1572 619 effusos
1625 569 1856 640 usque
1902 544 1993 615 ad
2030 535 2295 614 vallum
2343 570 2589 643 perse-

438 647 443 656 ’
472 672 717 744 cutus,
747 659 912 754 ipsa.
931 671 1157 728 castra
1188 656 1602 753 vallumque
1628 655 2065 754 aggreditur3
2094 656 2350 726 eodem
2383 669 2455 726 et
2487 656 2591 726 di-

473 781 704 852 ctator
736 768 871 839 alia
907 783 1108 866 parte
1139 770 1381 865 copias
1419 768 1754 840 admovet
1786 795 1801 836 2
1839 792 1989 837 non
2031 767 2317 863 segnior
2352 790 2585 863 oppu-

471 881 715 973 gnatio
776 892 883 949 est
904 933 923 966 ‚
968 902 1182 973 quam
1248 902 1490 975 pugna
1548 878 1801 949 fuerat.
1859 878 2247 948 Consulem
2305 880 2588 974 signum

474 1012 770 1084 quoque
824 989 1009 1057 intra
1062 987 1326 1057 vallum
1374 989 1701 1082 injecisse
1726 999 1747 1029 ¹
1791 986 2077 1074 ferunt3
2130 1012 2284 1082 quo
2331 987 2590 1056 milites

474 1100 706 1170 acrius
735 1096 1101 1187 subirent3
1134 1097 1679 1194 repetendoque
1718 1099 1920 1196 signo
1946 1099 2253 1195 primam
2288 1099 2586 1194 impres·

474 1209 748 1278 sionem
781 1206 1075 1277 factam:
1114 1223 1185 1278 et
1213 1207 1544 1295 dictator,
1571 1219 1919 1304 pror-uto2
1952 1208 2176 1295 va110,
2202 1208 2352 1302 jam
2371 1209 2447 1276 in
2479 1227 2592 1277 ca-

475 1331 618 1385 stra
638 1316 959 1415 praelium
980 1319 1341 1389 intulerat.
1366 1323 1550 1389 Tum
1575 1318 1787 1413 abjici
1805 1319 2067 1416 passim
2087 1342 2304 1404 arma,
2327 1343 2407 1389 ac
2426 1317 2591 1388 dedi

475 1427 718 1499 hostes
757 1431 976 1526 coepti
1009 1456 1023 1497 τ
1055 1431 1549 1525 castrisque‘et
1582 1430 1692 1501 his
1721 1431 1944 1528 captis
1962 1469 1984 1519 ,·
2024 1429 2301 1517 hosteS,
2336 1443 2591 1526 praeter

475 1553 839 1622 senatores
873 1563 1124 1616 omnes
1158 1541 1574 1611 venumdati
1608 1556 1793 1612 sunt.
1827 1540 2085 1612 Praedae
2114 1565 2281 1637 pars
2314 1564 2441 1610 sua
2479 1564 2590 1609 co-

477 1647 985 1741 gnoscentibus
1021 1650 1287 1721 Latinis
1336 1666 1553 1748 atque
1593 1654 1917 1724 Hernicis
1962 1650 2281 1739 neddim3
2318 1665 2589 1747 partem

478 1756 614 1844 sub
650 1758 851 1829 hasta
883 1759 1187 1831 dictator
1217 1762 1580 1833 vendidit:
1608 1765 2143 1860 praepositoque
2170 1762 2461 1833 consule
2492 1784 2597 1830 ca-

476 1869 662 1956 stris,
685 1870 861 1967 ipse,
888 1871 1343 1968 triumphans
1363 1874 1688 1943 invectus
1715 1870 1996 1959 urbem,
2022 1871 2372 1941 dictatura
2393 1894 2467 1940 se
2487 1867 2596 1939 ab·

478 1973 761 2060 dicarit.
795 1984 1105 2078 Egregiae
1132 1981 1498 2053 dictaturae
1528 1981 1802 2052 tristem
1838 1980 2257 2052 memoriam
2285 1977 2592 2066 faciunt,

477 2091 605 2185 qui
653 2089 882 2163 filium
910 2088 938 2134 3
987 2092 1077 2163 ab
1121 2098 1200 2163 A.
1252 2093 1656 2180 Postumio,
1701 2090 1939 2187 quod,
1983 2090 2357 2159 occasione
2404 2086 2595 2159 hene

476 2201 851 2297 pugnandi
885 2217 1172 2299 captus,
1213 2202 1490 2296 injussu
1532 2200 1914 2272 decesserit
1952 2196 2318 2295 praesidio,
2345 2185 2596 2266 'svictoq

474 2336 630 2382 rem
666 2315 897 2383 securi
934 2336 1355 2409 percussum
1383 2309 1680 2389 tradunt
1713 2339 1726 2379 z
1775 2308 2119 2382 neclibet
2152 2306 2489 2392 credere;
2526 2319 2598 2375 et
2663 2345 2668 2348 -

473 2419 676 2507 lieet,
708 2422 781 2489 in
821 2421 1030 2498 variis
1068 2419 1537 2514 opinionibus
1569 2448 1585 2489 ε
1624 2435 1695 2490 et
1741 2432 2166 2516 argumento
2218 2429 2356 2503 est,
2398 2414 2599 2511 quod

477 2532 778 2624 imperia
820 2528 1242 2613 Manliana,
1286 2554 1437 2604 non
1477 2535 1982 2614 Postumiana,
2015 2525 2370 2625 appellata
2406 2526 2548 2596 sint
2578 2555 2593 2595 z

477 2661 741 2732 quum,
785 2638 913 2733 qui
941 2639 1140 2734 prior
1181 2654 1432 2711 auctor
1470 2655 1616 2712 tam
1654 2641 1816 2710 saevi
1853 2638 2162 2736 exempli
2198 2634 2384 2708 foret
2413 2692 2432 2724 ‚
2475 2660 2598 2706 oo-.

477 2760 870 2842 cupaturus
904 2749 1258 2846 insignem
1296 2751 1586 2821 titulum
1617 2751 2057 2824 crudelitatis
2090 2746 2307 2820 fuerit
2336 2775 2351 2816 :
2384 2752 2597 2843 impe·

476 2862 653 2942 rioso
700 2881 993 2955 quoque
1040 2859 1310 2931 Manlio
1361 2885 1766 2959 cognomen
1808 2860 2160 2947 inditum3
2193 2858 2599 2929 Postumius

1823 2993 1858 3000 ἡ

546 3052 666 3100 Car.
694 3055 891 3102 XXIX.
924 3072 967 3103 1.
997 3057 1193 3123 Signum
1220 3059 1349 3106 intra
1380 3061 1491 3107 val·

483 3129 581 3175 lum
616 3130 855 3195 injecisse,
890 3139 946 3180 ut
976 3136 1072 3193 VI,
1101 3138 1164 3195 8;
1196 3127 1364 3194 XXV,
1400 3145 1490 3196 143

476 3210 723 3268 XXXIV,
745 3212 825 3266 46.
847 3239 918 3249 -—-
936 3213 1071 3262 Idem
1096 3215 1309 3264 audaciae
1331 3232 1492 3263 exem-

474 3287 612 3351 plum
625 3288 779 3336 edidit
791 3290 864 3338 Cl.
881 3292 1129 3340 Gallorum
1144 3293 1262 3352 dux,
1278 3294 1321 3341 Ie
1327 3293 1496 3358 grand

479 3366 668 3426 Conde‘,
691 3379 765 3416 ter
784 3371 943 3418 victor
955 3372 1017 3418 ad
1034 3372 1340 3436 Friburgum.
1362 3375 1451 3419 En.

548 3464 598 3496 α.
629 3451 836 3496 Prot-uto
855 3451 1018 3506 vallo,
1044 3451 1174 3498 conf.
1194 3454 1297 3510 IX,
1331 3453 1390 3510 37
1407 3486 1421 3509 ,
1444 3462 1493 3498 et

478 3526 541 3573 ad
561 3529 715 3575 Tacit.
738 3528 868 3577 Anu.
889 3531 939 3588 1,
960 3529 1056 3588 68,
1074 3546 1124 3577 n.
1150 3537 1198 3585 4.

548 3607 594 3654 3.
622 3606 797 3654 Filium
820 3609 883 3655 ab
907 3609 971 3653 A.
990 3610 1237 3657 Postumio
1253 3645 1265 3657 .
1278 3643 1290 3656 .
1305 3644 1317 3656 .
1334 3609 1491 3656 securi

464 3703 769 3750 percussum,
796 3698 851 3734 ut
871 3698 1040 3751 postea
1067 3690 1118 3735 T.
1141 3688 1321 3735 Manlii
1326 3687 1488 3735 filium

471 3764 605 3827 (vide
630 3765 742 3812 infr.
761 3768 911 3825 VIII,
944 3765 1019 3830 7),
1050 3767 1252 3814 tradunt
1281 3768 1486 3816 Diodor.

475 3844 606 3900 XII,
627 3858 678 3906 p.
710 3844 835 3905 3193
859 3846 969 3891 Val.
994 3847 1129 3893 Max.
1158 3847 1224 3904 V,
1253 3854 1311 3905 4,
1331 3863 1408 3893 ex.
1432 3862 1490 3904 23

474 3920 600 3967 Gell.
633 3923 683 3978 l,
715 3923 773 3968 13
805 3922 918 3981 (ubi
946 3922 1147 3986 imperia
1172 3925 1492 3972 Postumiana

474 4011 531 4052 et.
548 3999 808 4045 Manliana
837 4001 1087 4063 appellata
1114 4017 1239 4058 esse,
1270 4004 1374 4052 scil.
1404 4020 1492 4067 per

470 4078 785 4154 proverbium
797 4093 890 4141 pro
903 4079 1082 4127 severis
1093 4095 1149 4127 ac
1164 4079 1493 4144 crudelibus),

1581 3062 1684 3117 IX,
1708 3059 1767 3105 13
1792 3069 1915 3105 extr.
1945 3068 1992 3104 et
2012 3057 2190 3113 XVII,
2211 3070 2294 3100 αι.
2324 3054 2455 3109 Nec,
2485 3052 2535 3098 h.
2555 3066 2598 3096 e.

1582 3147 1630 3182 et
1655 3152 1760 3183 non
1789 3136 1904 3182 libet
1925 3134 2117 3181 credere
2140 3123 2264 3193 hoc,
2293 3145 2341 3180 et
2360 3133 2496 3186 licet,
2530 3144 2599 3175 sc.

1581 3230 1687 3264 non
1706 3213 1902 3261 credere
1924 3213 2005 3278 (ut
2030 3214 2213 3278 passim
2238 3228 2325 3259 nee
2345 3210 2424 3257 vel
2445 3223 2603 3272 neque

1582 3304 1812 3356 sequente
1840 3304 1886 3339 et
1903 3309 1995 3356 pro
2017 3304 2065 3338 et
2082 3309 2205 3348 non,
2235 3309 2284 3338 v.
2310 3306 2353 3337 c.
2379 3287 2600 3352 cap-‚395

1578 3373 1760 3419 XXIII
1778 3406 1792 3429 ,
1828 3387 1848 3416 1
1867 3405 1882 3429 ‚
1906 3383 1954 3418 et
1971 3371 2047 3418 bis
2067 3373 2220 3428 VIII,
2251 3385 2307 3416 12
2327 3366 2374 3432 );
2405 3379 2507 3423 tum
2531 3365 2596 3412 ob

1580 3445 1871 3497 ‘uarietatem
1886 3449 2191 3513 opinionum,
2210 3459 2312 3495 tum
2333 3446 2398 3494 ob
2421 3444 2602 3507 duplex

1581 3539 1941 3592 argumentum,
1973 3539 2065 3576 etc.
2105 3527 2201 3576 Sed
2233 3526 2348 3573 vide
2380 3523 2600 3570 Perizon.

1576 3607 1915 3655 Animadvers.
1939 3607 2052 3654 hist.
2078 3623 2120 3653 c.
2147 3608 2204 3665 8,
2232 3623 2282 3671 p.
2307 3605 2406 3651 350
2426 3619 2499 3664 sq.
2521 3601 2600 3648 ed.

1577 3686 1735 3734 Amst.
1754 3686 1839 3734 ubi
1858 3697 1989 3734 recte
2008 3686 2186 3733 erroris
2200 3696 2247 3731 et
2261 3680 2603 3729 inconstantiae

1577 3766 1792 3829 arguitur
1819 3766 2014 3824 Livius,
2040 3765 2226 3828 quippe
2256 3761 2341 3824 qui
2366 3761 2474 3824 ipse
2500 3775 2602 3807 non

1578 3845 1637 3890 T.
1660 3845 1899 3892 Manlium
1926 3844 1993 3892 ob
2020 3841 2111 3890 filii
2138 3841 2217 3888 sui
2244 3840 2454 3897 caedem,
2476 3838 2601 3886 infra

1578 3923 1735 3980 VIII,
1767 3940 1822 3984 73
1856 3922 1942 3970 sed
1974 3932 2164 3985 patrem
2197 3921 2331 3980 ejus,
2367 3921 2420 3964 L.
2460 3918 2601 3964 Man-

1578 4002 1698 4049 lium
1710 4036 1725 4060 ,
1747 4002 1813 4049 ob
1833 4000 2144 4049 acerbitatem
2164 4000 2218 4045 in
2239 3997 2432 4044 delectu
2453 4006 2501 4042 et
2521 4010 2605 4042 σε·

1581 4082 1774 4141 vitiam,
1794 4095 1894 4126 non
1915 4079 2066 4140 magis
2085 4078 2137 4124 in
2160 4076 2356 4134 alienis,
2384 4090 2531 4148 quaxn
2544 4074 2609 4120 in.
