3000 4717
453 352 576 454 {⁵1:231
601 352 828 460 ἓξὲξ
1001 377 1313 443 LIBER
1366 375 1451 442 v.
1511 375 1718 443 CAP.
1771 374 1905 441 xl.
1992 380 1997 387 ’
2390 369 2520 456 143

398 495 820 592 giniumque
835 547 855 582 ,
880 495 1141 591 prioris
1164 497 1335 566 anni
1359 493 1694 566 tribunos
1713 494 2084 580 militares,
2105 493 2517 564 incurrunt:

395 605 472 675 in
507 629 631 675 eos
664 603 757 675 ab
792 628 868 675 se
895 605 1075 674 iram
1108 604 1340 703 plebis
1367 606 1892 701 invidiamque,
1927 602 2043 674 die
2073 602 2299 692 dicta,
2329 629 2521 677 aver-

396 728 585 805 tunt,
638 714 914 808 Quibus
947 713 1287 801 delectus,
1327 716 1592 814 quibus
1633 716 2011 802 tributum,
2052 716 2315 812 quibus
2357 716 2524 787 diu-

395 829 547 895 tina
584 824 843 895 militia
880 825 1510 925 longinquitasque
1537 826 1712 898 belli
1737 833 1828 897 sit
1842 832 2112 922 gravis,
2154 833 2287 922 qui
2317 827 2525 899 clade

395 951 691 1033 accepta
719 935 827 1006 ad
849 942 1065 1009 Veios
1105 937 1403 1010 doleant
1416 993 1436 1023 ,
1493 945 1627 1037 qui
1653 943 1933 1009 amissis
1968 935 2205 1008 liberis
2220 989 2240 1021 ,
2260 937 2526 1029 fratri-

401 1045 563 1134 bus,
588 1053 1062 1146 propinquis,
1104 1050 1477 1146 affinibus,
1523 1048 1858 1145 lugubres
1891 1048 2144 1120 domos
2173 1047 2525 1135 habeant,-

397 1159 483 1225 iis
497 1156 793 1253 publici
812 1163 1229 1256 privatique
1268 1159 1545 1231 doloris
1587 1184 1806 1255 exseq
1814 1158 2036 1230 uendi
2049 1160 2183 1251 jus
2197 1175 2527 1257 potesta-

395 1278 680 1363 temque
710 1291 809 1338 ex
845 1266 1130 1340 duobus
1160 1275 1399 1341 noxiis
1432 1269 1790 1366 capitibus
1823 1268 2077 1339 datam
2106 1268 2204 1338 ab
2232 1294 2347 1355 se,
2387 1295 2530 1343 me-

394 1390 705 1447 morant.
758 1381 1097 1450 Omnium
1132 1404 1454 1476 namque
1488 1377 1855 1449 malorum
1898 1383 1971 1447 in
2007 1383 2260 1476 Sergio
2298 1387 2528 1480 Virgi-

393 1492 663 1584 nioque
682 1492 946 1560 causas
964 1513 1110 1559 esse
1126 1516 1153 1558 .·
1181 1513 1311 1560 nec
1331 1487 1419 1558 id
1429 1502 1924 1559 accusatorem
1941 1494 2169 1583 magis
2183 1515 2522 1588 arguere,

395 1621 621 1691 quam
630 1599 866 1687 fateri
897 1622 1103 1684 reos‚·
1146 1603 1311 1694 qui,
1352 1603 1567 1669 noxii
1593 1597 1812 1675 ambo
1832 1650 1854 1682 ‚
1892 1596 2077 1668 alter
2113 1605 2185 1668 in
2215 1599 2528 1671 alterum

394 1731 699 1779 causam
749 1709 1123 1798 conferant
1140 1762 1164 1795 ,
1191 1708 1462 1806 sugam
1524 1713 1752 1806 Sergii
1807 1713 2206 1803 Virginius,
2250 1715 2532 1808 Sergius

376 1817 880 1915 proditionem
911 1824 1292 1916 increpans
1330 1824 1651 1913 Virginii.
1715 1822 2042 1911 Quorum
2079 1818 2272 1890 adeo
2305 1826 2528 1892 incre·
2563 1859 2567 1863 “

393 1928 695 1999 dibilem
741 1934 1137 2001 amentiam
1155 1932 1395 2023 fuisse
1409 1983 1433 2016 ,
1487 1949 1573 2002 ut
1613 1929 1838 2001 multo
1889 1929 2343 2002 verisimilius
2389 1937 2487 2002 sit
2500 1988 2521 2019 ,

393 2054 768 2137 compacto
784 2043 815 2091 4
843 2064 1005 2111 eam
1050 2065 1200 2111 rem
1243 2057 1316 2112 et
1351 2047 1722 2112 communi
1740 2038 2022 2130 fraude
2046 2046 2534 2138 patriciorum.

391 2165 652 2223 actam.
702 2151 825 2221 Ab
867 2151 982 2221 his
1026 2164 1103 2221 et
1122 2159 1341 2249 prius
1384 2152 1642 2222 clatum
1678 2144 1915 2222 locum
1973 2149 2384 2221 Veientibus
2431 2153 2538 2222 ad

394 2261 849 2334 incendenda
885 2286 1146 2360 opera,
1182 2263 1355 2334 belli
1381 2260 1726 2333 trahendi
1752 2279 2115 2349 causa5et
2135 2287 2331 2351 nunc
2348 2285 2524 2361 pro·

393 2373 623 2443 ditum
656 2380 1045 2445 exercitum
1059 2427 1081 2459 ,
1114 2374 1378 2445 tradita
1405 2371 1712 2444 Faliscis
1739 2397 2046 2443 romana
2075 2388 2330 2444 castra.
2367 2376 2530 2445 Om-

393 2486 518 2550 nia
538 2481 725 2574 fleri
736 2535 756 2567 ,
803 2498 885 2551 ut
929 2500 1386 2554 consenescat
1417 2483 1536 2553 'ad
1588 2488 1801 2554 Veios
1827 2487 2173 2579 J'uventus
2197 2511 2218 2554 .·
2256 2508 2388 2557 nec
2414 2482 2530 2555 'de

394 2596 615 2686 agris,
651 2614 785 2661 nec
819 2590 911 2661 de
937 2592 1102 2663 aliis
1138 2591 1535 2664 commodis
1552 2592 2004 2690 plebisserre
2035 2593 2141 2663 ad
2152 2593 2533 2692 populum

393 2699 693 2786 tribuni,
716 2701 1294 2799 frequentiaque
1316 2699 1346 2747 ⁵
1379 2702 1664 2775 urbana
1707 2701 2061 2775 celebrare
2103 2710 2420 2775 actiones
2442 2774 2443 2781 ,
2464 2721 2535 2775 et

395 2817 713 2882 resistere
757 2817 1277 2908 conspirationi
1302 2816 1785 2909 patriciorum
1820 2817 2112 2906 possint.
2169 2809 2529 2903 Proejudi-

394 2928 578 2993 cium
591 2924 766 3017 jam
800 2924 894 2994 de
924 2919 1108 2994 reis⁶
1128 2939 1198 2993 et
1222 2923 1315 2993 ab
1343 2935 1630 3008 senatu,
1661 2937 1732 2991 et
1755 2920 1851 2990 ab
1863 2919 2154 3018 populo
2184 2945 2523 3004 romano,

394 3047 469 3102 et
504 3033 600 3103 ab
644 3042 965 3132 ipson
1004 3031 1295 3130 collegis
1314 3033 1614 3124 factum
1662 3054 1813 3129 esse
1825 3056 1861 3124 ,ζ
1888 3054 2061 3101 nam
2103 3043 2175 3099 et
2212 3044 2529 3104 senatus-

398 3144 716 3216 consulto
753 3171 875 3217 eos
903 3146 1001 3216 ab
1027 3144 1407 3244 republica
1431 3158 1743 3216 remotos
1768 3167 1948 3229 esse,
1983 3156 2083 3228 et,
2119 3157 2531 3213 recusantes

398 3355 667 3392 metuentes
704 3348 824 3395 iram
860 3350 1019 3413 plebis
1055 3353 1253 3415 ejusque
1296 3351 1412 3398 effe-
1576 3357 1624 3404 4.
1645 3349 1934 3413 Compacco,
1952 3347 2066 3397 vide
2087 3364 2234 3414 supra
2252 3351 2303 3408 Ι,
2327 3366 2359 3411 9
2373 3385 2388 3409 ,
2406 3365 2456 3398 n.
2481 3365 2526 3409 7.

399 3435 547 3472 etum.
566 3424 747 3473 Confer
759 3426 823 3474 ad
836 3428 919 3475 Sil.
932 3431 1007 3487 11,
1027 3431 1145 3485 234.
1170 3431 1415 3479 Dicuntur
1485 3488 1491 3497 ³
1576 3428 1622 3476 5.
1643 3428 1935 3493 Frequentia
1950 3429 2166 3486 urbana,
2185 3429 2240 3476 in
2256 3428 2528 3491 frequentia

398 3504 544 3552 etiam
581 3520 655 3551 res
690 3505 921 3569 trepida,
959 3509 1245 3572 periculosae
1278 3520 1342 3560 en
1362 3509 1416 3555 in
1496 3506 2037 3579 *civium,-abundante·
2053 3523 2223 3556 eorum
2254 3507 2399 3571 copia
2436 3505 2529 3571 (de

398 3598 640 3631 summum
666 3583 930 3632 discrimen
954 3586 1204 3647 adductae,
1232 3588 1285 3635 in
1312 3588 1420 3650 qui-
1510 3602 1606 3649 qua
1624 3585 1738 3633 vide
1755 3586 1818 3633 ad
1826 3588 1890 3645 V,
1907 3603 1934 3634 α
1949 3622 1965 3646 ,
1982 3602 2033 3634 n.
2052 3585 2110 3650 3)
2130 3585 2372 3632 celebrare
2384 3585 2533 3632 actio·

397 3659 492 3709 bus
505 3662 831 3725 trepidamus,
844 3663 971 3727 inpr.
988 3680 1095 3726 quae
1108 3666 1423 3729 inopinantes
1511 3680 1620 3723 nes,
1660 3666 1964 3724 tribunitias,
1990 3666 2106 3713 vide
2123 3665 2187 3712 ad
2207 3666 2256 3722 Ι,
2283 3671 2314 3719 4
2326 3697 2340 3723 ,
2366 3679 2416 3711 n.
2444 3680 2503 3711 12
2518 3682 2534 3724 3

399 3741 689 3804 opprimunt
723 3753 773 3789 et
802 3742 1101 3806 percellunt,
1142 3745 1325 3802 XXII,
1366 3744 1421 3803 5;
1513 3755 1563 3792 et
1587 3745 1660 3802 11,
1691 3744 1784 3803 56,
1804 3760 1852 3791 n.
1876 3752 1924 3798 4.

397 3821 646 3879 XXXIV,
666 3835 688 3866 1
702 3835 724 3866 1
743 3854 758 3879 ,
781 3820 844 3868 al.
858 3848 928 3858 —
944 3821 1041 3883 Qui
1057 3822 1198 3871 clade
1219 3834 1421 3885 accepta
1585 3822 1634 3869 6.
1659 3820 2003 3887 Fra-judicium
2013 3820 2127 3885 jam
2153 3818 2215 3866 de
2238 3819 2533 3886 reisfactum

398 3898 473 3946 ad
487 3899 627 3947 Veios
640 3899 869 3956 doleant,·
887 3900 1047 3949 codex
1062 3917 1191 3949 unus
1202 3934 1217 3959 ,
1234 3901 1421 3949 cladem
1511 3916 1636 3958 esse,
1667 3911 1722 3948 ut
1744 3915 1863 3947 mox
1884 3914 1964 3946 eos
1973 3898 2343 3962 praedamnatos
2362 3917 2377 3960 ;
2403 3918 2452 3948 v.
2471 3902 2534 3949 ad

398 3991 651 4042 acceptam
680 3979 877 4026 deleant
887 3997 908 4035 ,·
927 3978 1009 4026 alii
1024 4013 1040 4038 ,
1064 3979 1255 4027 cladem
1287 3996 1423 4026 acce-
1513 3981 1615 4038 ΙΙΙ,
1641 3987 1724 4035 4ο,
1747 3995 1797 4025 n.
1832 3993 1911 4025 10.
1929 4003 1999 4013 ——
2014 3978 2092 4024 Ab
2114 3978 2360 4043 republica
2380 3996 2534 4028 remo·

391 4069 534 4120 ptam
556 4058 773 4106 doleant.
796 4058 971 4106 En.'--
981 4060 1055 4106 De
1081 4057 1244 4124 Sergio
1268 4058 1424 4122 Virga
1515 4070 1588 4106 tos
1621 4072 1745 4115 esse,
1788 4057 1849 4105 ab
1885 4056 1989 4116 eius
2023 4056 2467 4118 administratione,
2507 4076 2534 4105 a

403 4136 580 4200 niaque
601 4138 720 4187 'vide
742 4155 889 4204 supra
914 4155 1023 4204 cap.
1046 4139 1092 4187 8.
1516 4137 1729 4202 publicis
1752 4136 1963 4202 negotiis
1978 4172 1993 4195 ,
2020 4153 2108 4187 seu
2131 4138 2426 4186 muneribus.
