3000 4717
430 389 569 463 506
1271 395 1347 460 T.
1414 394 1697 462 L1v11
2240 379 2380 496 ang:
2408 381 2500 487 333:

424 542 461 578 α
483 512 794 584 'bunitioe
829 513 1167 610 potestati
1192 568 1211 601 ,
1247 513 1657 611 precarium
1705 535 1856 584 non
1896 513 2175 608 justum
2211 518 2558 591 auxilium

424 650 461 687 α
501 619 780 694 ferenti.
798 624 1004 711 Vive,
1034 626 1122 715 Q.
1150 621 1356 711 Fabi,
1395 621 1671 695 felicior
1699 622 1840 694 hoc
1867 647 2225 697 consensu
2251 629 2558 702 civitatis

424 761 460 798 α
500 732 594 804 ad
629 732 984 805 tuendum
1019 749 1124 822 te,
1163 758 1421 831 quam,
1461 759 1607 833 qua
1647 735 1868 833 paulo
1908 749 2078 807 ante
2109 737 2552 828 exsultabaS‚

422 871 458 906 α
499 843 1032 931 victoria.Vive,
1062 844 1137 914 id
1173 841 1447 916 facinus
1476 868 1726 932 ausuS,
1765 846 1974 940 cujus
2005 844 2261 918 tibine
2296 872 2555 946 parens

420 981 456 1017 α
496 952 792 1051 quidem
812 1008 834 1042 ,
874 955 934 1025 si
968 953 1228 1026 eodem
1266 956 1428 1027 loco
1455 967 1480 1011 ⁷
1529 953 1817 1043 fuisset,
1857 980 2011 1052 quo
2060 954 2196 1026 fuit
2241 962 2319 1029 L.
2361 961 2555 1057 Papi-

420 1093 454 1128 «
496 1064 685 1153 rius,
722 1066 1006 1135 veniam
1045 1064 1382 1137 dedisset.
1420 1070 1751 1154 Mecum,
1788 1080 1872 1136 ut
1904 1066 2135 1155 voles,
2174 1071 2550 1141 reverteris

420 1203 455 1240 α
496 1176 572 1245 in
601 1177 898 1272 gratiam
917 1173 982 1245 ⁸:
1014 1175 1293 1273 populo
1317 1199 1661 1264 roman0,
1687 1175 1805 1246 cui
1834 1176 2055 1246 vitam
2080 1167 2303 1249 debes
2320 1233 2341 1267 ,
2372 1178 2548 1249 nihil

416 1315 450 1352 α
490 1286 726 1381 majus
758 1286 1168 1384 praestiteris
1186 1341 1205 1374 ,
1249 1309 1468 1383 quam
1510 1287 1568 1356 si
1606 1284 1724 1356 hic
1767 1284 1899 1355 tibi
1933 1284 2086 1356 dies
2123 1288 2290 1358 satis
2323 1286 2550 1357 docu-

418 1425 450 1462 α
488 1396 715 1468 menti
748 1395 1059 1484 dederit,
1089 1411 1172 1468 ut
1199 1394 1393 1468 bello
1421 1420 1504 1467 ac
1530 1419 1704 1491 pace
1735 1397 1883 1494 pati
1911 1396 2227 1492 legitima
2252 1398 2552 1494 imperia

418 1533 453 1571 «
494 1507 744 1603 possis.
769 1537 806 1573 n
834 1509 1083 1598 Quum
1108 1531 1184 1579 se
1218 1506 1397 1578 nihil
1427 1508 1698 1578 morari
1727 1507 2147 1603 magistrum
2163 1516 2196 1563 9
2223 1508 2550 1604 equitum

418 1619 960 1715 pronuntiasset
975 1674 996 1708 ,
1039 1617 1456 1715 degressum
1500 1642 1671 1688 eum
1711 1617 1986 1715 templo
2012 1628 2060 1655 ¹⁰
2104 1617 2306 1690 laetus
2360 1642 2555 1689 sena-

423 1739 574 1814 tuS,
623 1727 853 1799 laetior
894 1729 1251 1829 populus,
1301 1726 1711 1800 circumfusi
1761 1751 1842 1798 ac
1894 1728 2335 1824 gratulantes
2381 1726 2553 1798 hinc

423 1839 765 1935 magistro
812 1842 1176 1938 equitum,
1223 1838 1399 1912 hinc
1443 1838 1811 1924 dictatori,
1862 1837 2292 1936 prosequuti
2333 1851 2549 1907 sunt:

421 1945 936 2049 firmatumque
970 1952 1354 2050 imperium
1388 1951 1696 2021 militare
1729 1948 1922 2019 haud
1955 1952 2196 2021 minus
2230 1945 2553 2046 periculo

357 2101 368 2114 ,
422 2060 513 2149 Q.
563 2060 802 2148 Fabii,
854 2087 1073 2160 quam
1122 2062 1479 2161 supplicio
1517 2072 1574 2104 ¹¹
1635 2058 2023 2132 miserabili
2084 2056 2555 2132 adolescentis

422 2172 711 2260 Manlii,
741 2171 1141 2246 videbatur.
1181 2179 1391 2245 Forte
1420 2173 1519 2242 ita
1547 2196 1638 2242 eo
1663 2194 1858 2241 anno
1887 2172 2162 2258 evenit,
2198 2183 2282 2240 ut
2302 2221 2323 2254 ,
2362 2189 2552 2261 quo·

421 2281 875 2381 tiescumque
927 2284 1235 2356 dictator
1285 2282 1377 2356 ab
1434 2283 1752 2354 exercitu
1803 2283 2122 2367 recessit,
2177 2279 2419 2347 hostes
2471 2276 2551 2346 in

423 2393 717 2461 Samnio
769 2408 1256 2465 moverentur.
1316 2396 1674 2462 Caeterum
1722 2393 1800 2461 in
1855 2390 2081 2463 oculis
2131 2385 2559 2484 exemplum

425 2513 578 2570 erat
611 2504 698 2590 Q.
737 2500 998 2572 Fabius
1032 2502 1435 2573 M.Valerio
1470 2502 1739 2598 legato,
1772 2504 1903 2598 qui
1938 2501 2180 2572 castris
2216 2509 2552 2596 praeerat,

421 2633 515 2680 ne
543 2633 765 2707 quam
794 2613 941 2683 vim
968 2614 1288 2685 hostium
1321 2614 1586 2711 magiS,
1622 2635 1843 2709 quam
1875 2626 2151 2682 trucem
2188 2607 2553 2680 dictatoris

418 2720 632 2811 iram,
675 2723 984 2795 timeret.
1027 2730 1282 2822 Itaque
1325 2721 1892 2796 frumentatores
1933 2746 2162 2819 quum
2185 2777 2205 2810 ,
2250 2720 2550 2791 circum-

416 2833 617 2903 venti
653 2858 743 2905 ex
783 2836 1057 2907 insidiis
1079 2892 1101 2926 ,
1155 2839 1316 2909 caesi
1365 2836 1531 2907 loco
1581 2833 1838 2931 iniquo
1866 2846 2152 2920 essent,
2198 2829 2550 2899 creditum

412 2941 632 3040 vulgo
670 2959 817 3035 est,
863 2944 1234 3017 subveniri
1273 2946 1376 3017 eis
1414 2945 1507 3016 ab
1540 2945 1776 3040 legato
1811 2941 2172 3039 potuisse,
2215 2940 2295 3008 ni
2321 2937 2549 3007 tristia

409 3135 460 3167 ιι.
484 3120 926 3180 3.-Precarium‚
960 3139 1056 3171 non
1070 3122 1260 3188 justum
1283 3121 1431 3169 auxi-
1516 3119 1748 3186 gratiam.
1770 3145 1842 3154 —-
1861 3117 1990 3166 Sacis
2010 3116 2313 3174 documenti,
2344 3116 2457 3165 vide
2487 3114 2551 3164 ad

409 3198 745 3263 liumsereuti,
780 3201 894 3248 vide
910 3203 974 3250 ad
989 3206 1096 3261 111,
1119 3211 1202 3262 47,
1220 3218 1271 3250 ιι.
1290 3210 1336 3258 4.
1361 3229 1432 3239 —
1520 3200 1619 3257 IV,
1644 3198 1731 3258 57,
1756 3213 1810 3245 ιι.
1839 3197 1887 3244 5.

412 3277 549 3335 Vive,
591 3277 649 3325 id
655 3279 861 3343 facinus
888 3297 1065 3338 ausus,·
1101 3297 1250 3345 quum
1278 3280 1430 3329 modo
1593 3293 1641 3338 9.
1666 3277 1824 3339 Quum
1843 3292 1895 3323 se
1913 3275 2039 3323 uilu'l
2058 3275 2247 3323 morari
2262 3274 2550 3340 magistrum

405 3354 588 3404 dixerit
601 3356 753 3424 ‘Viva
788 3359 849 3421 Q.
878 3360 1027 3417 Fabi,
1068 3359 1153 3407 hic
1180 3360 1324 3408 etiam
1353 3359 1429 3406 ‹li-
1522 3356 1754 3421 equitum.
1795 3358 1964 3405 Genus
1991 3354 2190 3403 dicendi
2215 3370 2316 3417 quo
2343 3353 2551 3401 uteban-

404 3434 615 3484 eendum
648 3452 752 3485 esse
776 3437 933 3485 videri
972 3449 1164 3502 posset,
1205 3439 1343 3495 vive,
1376 3437 1434 3485 id
1518 3446 1600 3483 tur
1629 3434 1683 3482 in
1709 3434 2028 3483 absolvendo.
2063 3434 2145 3482 Sic
2173 3448 2320 3497 supra
2346 3431 2434 3480 lib.
2461 3433 2553 3490 IV,

389 3512 594 3579 facinus
617 3531 769 3573 ause,-
794 3532 886 3580 pro
904 3531 1004 3580 quo
1020 3516 1154 3564 haud
1171 3517 1295 3564 male
1311 3517 1428 3579 legi·
1518 3531 1626 3579 cap.
1650 3522 1714 3570 42
1731 3551 1745 3576 ‚
1770 3514 1985 3562 tribunus
2002 3512 2157 3577 plebis
2176 3529 2195 3559 .·
2219 3510 2348 3559 nihil
2366 3525 2549 3559 moror.

400 3603 484 3641 tur
504 3610 667 3642 ausus.
679 3595 810 3643 vide
833 3596 1017 3644 Sanctii
1032 3596 1246 3644 Minci-v.
1271 3598 1351 3654 11,
1368 3597 1419 3654 6,
1514 3593 1648 3642 vide
1666 3594 1813 3643 etiam
1831 3595 1908 3652 11,
1935 3600 2031 3651 24,
2057 3608 2108 3640 n.
2136 3592 2183 3639 5.

400 3681 451 3720 et
471 3689 581 3738 φιτ
605 3674 677 3722 ibi
696 3675 890 3723 notavit
908 3676 1060 3724 Perit..
1080 3678 1174 3724 En.
1591 3689 1670 3721 ιο.
1688 3676 1976 3739 Degressum
1993 3688 2103 3719 eum
2121 3671 2322 3734 templo,
2345 3668 2466 3716 vide
2483 3667 2551 3714 ad

470 3767 518 3811 7.
544 3754 599 3800 Si
620 3753 788 3802 eodem
815 3752 934 3820 (in)
962 3754 1252 3821 locofitissec
1272 3751 1424 3820 (vide
1514 3757 1566 3812 1,
1595 3754 1656 3812 6,
1683 3770 1734 3801 n.
1759 3753 1806 3801 5.
1828 3755 2014 3800 —Hoc
2040 3763 2142 3810 est,
2170 3749 2381 3807 Rostris,
2410 3762 2550 3811 (με,

399 3829 462 3876 nd
481 3832 640 3890 IV,16
653 3867 667 3891 ,
686 3850 736 3881 n.
754 3834 784 3882 5
798 3833 819 3899 )
833 3869 848 3893 ,
869 3833 1077 3899 quofiu't
1088 3836 1143 3882 L.
1160 3834 1419 3898 Papirius,
1514 3844 1759 3881 summoto
1791 3831 2023 3897 magistro
2049 3831 2300 3896 equitum,
2333 3826 2551 3876 dictator

403 3905 459 3955 in
476 3924 574 3972 quo
594 3929 685 3976 ego
706 3913 794 3961 fui.
1509 3912 1817 3970 ascenderam
1851 3927 1999 3976 supra
2032 3922 2196 3959 autem
2231 3919 2392 3957 rostm
2426 3918 2547 3954 tem·

467 3986 513 4033 8.
543 3990 759 4049 Mecum,
801 4003 857 4039 ut
882 3994 1043 4049 voles,
1086 3991 1336 4040 reverteris
1366 3992 1416 4039 in
1498 3992 1639 4056 plum
1655 3991 1756 4039 dici
1769 3991 2049 4039 monuimus
2063 3989 2161 4038 hoc
2179 3989 2271 4037 lib.
2287 4004 2331 4035 c.
2356 3996 2438 4043 14.
2453 3986 2544 4037 En.

387 4063 633 4131 gratiam,
660 4079 758 4116 etc.
796 4071 901 4119 Cic.
930 4071 1055 4120 Phil.
1075 4074 1126 4119 11
1144 4105 1160 4128 ‚
1189 4073 1253 4127 46
1276 4086 1289 4119 :
1311 4072 1417 4117 Me·
1585 4087 1608 4118 1
1621 4086 1664 4118 1.
1702 4070 2036 4119 Adolesceneis
2069 4068 2252 4119 Manlii
2270 4064 2530 4131 supplicio,

387 4159 523 4202 eum,
550 4154 606 4190 ue
627 4145 763 4192 voles
770 4164 792 4202 ,·
816 4162 926 4193 cum
950 4150 1198 4212 republica
1226 4149 1340 4197 redi
1364 4149 1416 4197 in
1509 4149 1624 4197 vide
1653 4165 1761 4214 cap.
1788 4165 1834 4209 7.
