3000 4717
2179 301 2230 338 A.
2257 300 2305 340 c.
2334 300 2557 353 337—336.

506 323 647 411 456
1339 325 1413 390 Τ.
1478 323 1751 391 LIVII
2178 359 2232 399 υ.
2258 361 2306 400 c,
2334 362 2557 409 axz-416.

503 447 1097 540 monimentoque
1125 457 1207 514 ut
1249 457 1468 530 esset,
1516 466 1784 513 aeneam
1818 439 2131 512 tabulam
2166 441 2241 511 in
2280 442 2432 512 aede
2473 448 2609 514 Ca-

502 555 712 625 storis
751 559 992 625 Romae
1029 552 1379 641 fixerunt3
1413 551 1713 649 vectigal
1750 575 2044 647 quoque
2088 551 2188 620 eis
2220 576 2615 650 campanus

501 663 818 762 populus
849 668 1087 759 jussus
1117 661 1435 760 pendere
1472 663 1550 731 in
1589 661 1906 758 singulos
1939 655 2326 760 quotannis
2367 655 2608 760 (fuere

502 786 744 842 autem
766 772 959 845 mille
985 787 1055 842 et
1080 769 1430 865 sexcenti)
1456 771 1790 841 denarios
1816 794 2153 840 nummos
2173 767 2234 814 ¹³
2264 771 2607 867 quadrin-

500 905 722 977 genos
760 883 1328 978 quinquagenos.

597 994 753 1059 XII.
781 995 885 1060 Ita
910 990 1104 1061 bello
1129 1005 1329 1087 gesto
1348 1043 1367 1076 ,
1395 990 1702 1086 praemiis
1720 1014 2083 1087 poenaque
2102 1015 2238 1089 pro
2258 993 2611 1088 cujusque

500 1101 759 1171 merito
791 1102 1210 1198 persolutis,
1245 1107 1322 1171 Τ.
1357 1101 1670 1171 Manlius
1698 1107 2000 1171 Romam
2033 1101 2246 1172 rediit
2281 1128 2296 1171 ε
2337 1103 2607 1173 cui've-

498 1211 728 1281 nienti
764 1214 1080 1282 seniores
1112 1225 1394 1281 tantum
1429 1209 1717 1281 obviam
1760 1212 1983 1282 exisse
2016 1225 2331 1301 constat;
2353 1213 2606 1306 juven·
2648 1291 2653 1295 ⁴

498 1335 766 1408 tutem,
812 1336 884 1392 et
921 1336 1132 1411 tunc,
1170 1335 1242 1392 et
1272 1322 1472 1393 omni
1513 1322 1655 1390 vita
1694 1320 1988 1408 deinde,
2019 1334 2405 1390 aversatam
2441 1346 2608 1391 eum

496 1425 1103 1529 exsecratamque.
1150 1433 1468 1502 Antiates
1499 1425 1584 1500 'in
1618 1456 1867 1528 agrum
1908 1431 2319 1514 ostiensem,
2356 1431 2607 1522 ardea-

494 1555 641 1612 tem
663 1596 682 1628 ,
721 1543 1083 1612 solonium
1118 1542 1567 1613 incursiones
1604 1539 1951 1612 fecerunt.
1989 1539 2297 1611 Manlius
2328 1541 2611 1628 consul,

493 1652 661 1746 quia
689 1652 840 1747 ipse
872 1677 1003 1749 per
1028 1651 1513 1722 valetudinem
1536 1662 1557 1692 ¹
1588 1651 1659 1721 id
1685 1651 1956 1722 bellum
1986 1652 2281 1747 exsequi
2313 1653 2605 1747 nequie-

489 1772 634 1847 rat,
678 1758 1099 1831 dictatorem
1133 1768 1211 1832 L.
1254 1755 1616 1857 Papirium
1654 1765 2024 1850 Crassum,
2059 1764 2186 1857 qui
2226 1776 2380 1832 tum
2415 1759 2606 1833 forte

487 1882 640 1937 erat
679 1885 975 1966 praetor,
1015 1870 1194 1941 dixit
1239 1898 1254 1940 ε
1302 1869 1393 1940 ab
1427 1895 1516 1941 eo
1551 1873 1884 1969 magister
1917 1873 2242 1966 equitum
2273 1876 2351 1942 L.
2393 1874 2603 1976 Papi·—
2666 1867 2671 1872 ’

486 1980 638 2047 rius
658 1983 927 2051 Cursor
946 1981 1198 2052 dictus.
1234 1981 1424 2053 Nihil
1444 1981 1912 2052 memorabile
1931 1982 2269 2052 adversus
2286 1983 2608 2052 Antiates

486 2084 577 2155 ab
611 2085 958 2161 dictatore
987 2107 1267 2187 gestum
1295 2106 1433 2179 est,
1465 2115 1691 2186 quum
1729 2090 2005 2187 aliquot
2036 2116 2316 2162 menses
2351 2093 2606 2162 stativa

483 2195 558 2263 in
587 2220 758 2292 agro
784 2202 1030 2269 antiati
1059 2197 1446 2271 habuisset.
1483 2205 1695 2270 Anno
1722 2202 1985 2299 insigni
2009 2202 2336 2272 victoria²
2364 2200 2452 2269 de
2482 2214 2601 2269 tot

483 2327 563 2373 ac
585 2299 747 2373 ‘tam
787 2307 1208 2404 potentibus
1235 2310 1562 2405 populiS‚
1595 2308 1682 2376 ad
1719 2307 1860 2380 hoc
1891 2310 2266 2381 consulum
2301 2308 2603 2379 alterius

481 2414 711 2484 nobili
751 2433 1017 2506 morte,
1057 2420 1345 2488 alterius
1384 2419 1567 2488 sicut
1601 2419 1827 2506 truci,
1855 2422 1953 2490 ita
1986 2422 2177 2491 claro
2194 2419 2296 2490 'ad
2327 2444 2604 2491 memo-

474 2524 651 2592 riam
698 2525 1038 2621 imperio,
1099 2551 1505 2598 successere
1560 2528 1889 2599 consules
1929 2531 2030 2599 Ti.
2075 2530 2391 2599 AEmilius
2438 2534 2600 2600 Ma-

478 2635 841 2705 mercinus
902 2652 973 2707 et
1024 2641 1109 2734 Q.
1166 2637 1513 2709 Publilius
1566 2637 1815 2727 Philo;
1876 2664 2113 2735 neque
2168 2641 2242 2708 in
2297 2639 2595 2709 similem

476 2744 891 2818 materiam³
923 2741 1199 2837 rerum,
1230 2765 1301 2826 et
1328 2751 1465 2847 ipsi
1494 2765 1619 2820 aut
1656 2774 1946 2820 suarum
1976 2774 2254 2839 rerum,
2284 2764 2406 2820 aut
2436 2773 2593 2846 par-

477 2857 705 2925 tium4
753 2859 828 2927 in
873 2858 1240 2956 republica
1289 2863 1549 2958 magis,
1603 2885 1823 2959 quam
1883 2863 2165 2957 patriae,
2210 2886 2595 2932 memores.

477 2967 768 3037 Latinos
791 3022 811 3056 ,
851 2967 947 3037 ob
987 2970 1162 3042 iram
1201 2972 1352 3068 agri
1388 2967 1672 3041 amissi⁵
1711 2970 2173 3057 rebellantes,
2211 2971 2284 3040 in
2321 2973 2595 3068 campis

472 3073 867 3145 senectanis
881 3073 912 3117 6
934 3075 1279 3149 fuderunt
1303 3083 1693 3176 castrisque
1718 3094 2100 3151 exuerunt.
2123 3078 2234 3162 lbi
2254 3077 2598 3167 Publilio,

470 3268 725 3327 feriarum,
753 3272 804 3316 X
830 3271 909 3318 die
939 3284 1198 3336 postquam
1226 3273 1322 3320 illae
1349 3286 1486 3322 erant
1573 3274 1856 3323 consulibus
1867 3275 2013 3336 hujus
2027 3274 2466 3338 anni‚quiinsignis
2478 3267 2591 3322 fuit.

470 3358 604 3394 actae.
630 3351 755 3413 Ipsae
779 3365 867 3416 per
886 3352 957 3397 IV
980 3351 1083 3398 dies
1105 3351 1384 3416 agebantur.
1407 3354 1483 3401 cf.
1571 3354 1920 3401 ——Successere
1932 3354 2172 3411 consules,
2192 3365 2285 3401 etc.
2299 3356 2373 3401 Ita
2390 3353 2589 3417 passim.

470 3425 532 3472 ad
557 3429 606 3484 I,
631 3427 715 3485 45,
736 3444 786 3473 n.
816 3444 863 3474 2.
1644 3432 1690 3478 3.
1728 3434 1899 3496 Neque
1927 3432 1977 3479 in
2007 3432 2209 3479 similem
2232 3432 2488 3479 materiam
2512 3448 2588 3479 re-

543 3507 621 3553 13.
647 3505 879 3552 Denarios
895 3523 1138 3564 nummos,
1162 3518 1254 3556 etc.
1275 3524 1482 3571 quorum
1570 3523 1676 3555 rum
1687 3545 1704 3567 ,
1732 3523 1803 3568 et,
1833 3522 1924 3558 ete.
1946 3511 2076 3557 conf.
2098 3510 2162 3557 ad
2181 3512 2270 3567 IV,
2294 3526 2390 3573 29,
2415 3525 2464 3556 n.
2489 3513 2536 3557 3.

467 3571 602 3630 valor
623 3600 688 3631 ex
712 3584 998 3648 posterioris
1032 3587 1266 3649 temporis
1294 3588 1481 3635 ratione
1641 3595 1688 3642 4.
1717 3591 1822 3636 Aue
1838 3589 2056 3653 partium
2091 3589 2140 3635 in
2173 3588 2447 3651 republica,
2488 3600 2586 3636 ete.

466 3662 778 3727 accipiendus
795 3662 1006 3722 videtur,
1024 3676 1078 3711 ut
1095 3665 1272 3728 singuli
1292 3668 1389 3713 fere
1409 3669 1477 3729 96
1566 3682 1679 3714 nam
1700 3668 1919 3715 AEmilius
1941 3678 2043 3715 erat
2067 3668 2228 3715 fautor
2245 3665 2512 3725 nobilium,
2537 3678 2590 3714 et

462 3738 733 3803 imperiales
767 3743 1072 3806 acceptu-inu
1110 3744 1291 3792 Stroth.
1333 3743 1504 3793 Conf.³
1565 3746 1802 3794 Publilius
1820 3747 2003 3811 plebis,
2025 3746 2088 3794 de
2114 3761 2209 3808 qua
2235 3756 2351 3793 erat.

464 3816 621 3866 Sobel.
645 3819 707 3866 ad
734 3820 908 3884 Polyb.
938 3831 981 3869 c.
1012 3823 1058 3869 3.
1495 3835 1505 3852 ⁶
1640 3825 1688 3873 5.
1722 3826 1792 3872 oh
1813 3826 1938 3873 iram
1962 3825 2075 3889 agri
2089 3824 2279 3881 amissi,
2310 3823 2425 3871 vide
2447 3824 2514 3871 ad
2534 3827 2587 3883 1,

531 3893 650 3942 Cu».
674 3898 794 3944 ΧΠ.
814 3913 856 3946 1.
872 3902 969 3945 Per
983 3900 1340 3959 valetudinem,
1361 3904 1475 3952 vide
1568 3903 1622 3962 6,
1658 3920 1706 3951 n.
1737 3905 1786 3951 5.

457 3968 520 4015 ad
538 3971 603 4027 V,
635 3985 692 4016 12
711 4007 725 4028 ,
757 3990 806 4022 n.
827 3977 877 4022 6.
1634 3984 1684 4031 6.
1712 3985 1774 4029 111
1795 3979 2295 4047 eampisfeneetanis,
2322 3980 2376 4028 in
2397 3981 2430 4027 6
2454 3982 2586 4031 MSS

527 4061 575 4091 2.
602 4048 747 4093 Anno
777 4050 954 4114 insigni
971 4055 1187 4105 victoria
1201 4093 1220 4116 ,
1248 4071 1342 4107 etc.
1362 4059 1411 4108 h.
1424 4077 1469 4108 e.
1542 4059 1833 4128 ferentariis.
1865 4063 2064 4123 Doujat.
2099 4059 2288 4110 emend.
2300 4057 2582 4124 fereneinis.
