3000 4717
418 337 470 374 A,
495 331 543 373 C.
569 332 660 373 3⁵5.

419 392 663 446 U.C.397.
792 355 1106 423 LIBER
1156 356 1327 424 VII.
1382 357 1602 424 CAP.
1651 353 1855 423 XIV.
1910 357 2075 425 XV.
2330 351 2469 423 363

369 489 584 572 atque
640 477 915 547 externi
972 479 1436 573 imperatores
1459 529 1479 564 ‚
1533 457 1770 545 nostra
1829 497 2126 570 quoque
2176 473 2471 570 quidam

365 599 600 675 aetate,
638 587 748 655 usi
782 601 973 686 sunt.
1009 586 1223 656 Mulis
1252 600 1466 657 strata
1498 584 1778 668 detrahi
1806 581 2100 678 jubet4;
2136 581 2471 679 binisque

364 709 646 770 tantum
674 697 1121 770 centunculis
1142 696 1437 784 relictis,
1464 718 1836 793 agasones,
1867 692 2126 790 partim
2154 694 2473 788 captivis,

364 808 624 903 partim
669 831 1020 904 aegrorum
1072 808 1283 878 armis
1338 820 1630 880 ornatos
1652 802 1704 892 ⁵,
1758 802 2086 901 imponit.
2142 803 2266 872 His
2324 801 2473 898 fere

366 916 558 988 mille
585 915 858 988 effectis
890 932 1183 1016 centum
1209 918 1549 989 admiscet
1580 916 1895 1012 equites3
1922 927 1992 984 et
2020 928 2233 1004 nocte
2262 937 2479 1010 super

367 1042 594 1100 castra
617 1030 692 1099 in
721 1042 1006 1101 montes
1029 1028 1330 1104 evadere
1349 1083 1368 1115 ,
1395 1018 1476 1101 ac
1514 1028 1703 1102 silvis
1731 1052 1806 1100 se
1835 1025 2197 1100 occultare
2227 1022 2473 1120 ‚jubet3

365 1163 607 1234 neque
648 1140 818 1210 inde
856 1153 1021 1212 ante
1049 1141 1331 1212 moveri
1351 1194 1370 1228 ,
1425 1164 1646 1236 quam
1686 1136 1777 1210 ab
1816 1162 1891 1209 se
1929 1138 2338 1234 acciperent
2381 1134 2474 1204 si-

364 1270 606 1342 gnum.
643 1254 843 1346 Ipse,
880 1248 1007 1320 ubi
1034 1250 1299 1337 illuxit,
1329 1252 1406 1319 in
1451 1248 1811 1320 radicibus
1848 1247 2204 1320 montium
2231 1260 2477 1317 exten·

368 1356 536 1429 dere
596 1360 819 1434 aciem
877 1361 1086 1457 coepit
1131 1359 1420 1448 sedu10‚
1469 1373 1554 1432 ut
1594 1358 1934 1429 adversus
1977 1369 2263 1426 montes
2300 1379 2478 1426 con-

367 1469 644 1539 sisteret
689 1469 934 1541 hostis.
984 1475 1358 1574 Instructq
1388 1470 1557 1540 vani
1594 1468 1889 1540 terroris
1927 1479 2305 1563 apparatu,
2350 1465 2479 1560 qui

367 1576 662 1673 quidem
691 1593 926 1654 terror
960 1580 1123 1677 plus
1155 1603 1354 1676 paene
1379 1580 1566 1650 veris
1596 1575 1870 1650 viribus
1897 1574 2208 1678 profuit;
2238 1575 2480 1672 primo

368 1685 659 1760 credere
693 1687 914 1761 duces
950 1690 1317 1762 Gallorum
1339 1743 1360 1777 ‚
1391 1713 1544 1764 non
1578 1687 2048 1760 descensuros
2074 1687 2150 1754 in
2188 1708 2477 1783 aequum

365 1800 726 1896 Romanos
764 1825 779 1866 z
830 1798 1124 1886 deinde,
1165 1797 1296 1869 ubi
1338 1798 1710 1896 degressos
1753 1809 2055 1894 repente
2099 1795 2479 1881 viderunt,

368 1919 440 1975 et
485 1908 618 2003 ipsi
660 1909 847 1979 avidi
887 1911 1290 1981 certaminis
1331 1911 1409 1979 in
1441 1909 1767 2007 praelium
1801 1921 2028 1977 ruunt
2073 1932 2088 1973 ε
2133 1906 2481 2003 priusque

366 2038 610 2114 pugna
646 2020 892 2117 coepit,
932 2045 1150 2117 quam
1187 2021 1470 2117 signum
1512 2019 1601 2092 ab
1638 2018 1943 2090 ducibus
1981 2015 2295 2088 daretur.

461 2131 614 2198 XV.
649 2131 899 2201 Acrius
930 2131 1252 2202 invasere
1297 2130 1484 2227 Galli
1525 2127 1865 2200 dextrum
1909 2150 2137 2197 cornu
2178 2152 2193 2194 :
2236 2147 2477 2220 neque

369 2302 513 2351 Strat.
531 2306 581 2351 11
593 2340 607 2364 ‚
632 2313 661 2360 4
673 2340 688 2364 ,
715 2306 745 2353 5
760 2322 859 2370 seq.
875 2306 936 2354 de
949 2307 1168 2371 Sulpicio
1188 2317 1237 2354 et
1254 2305 1376 2354 aliis.

368 2407 438 2417 —·
463 2385 595 2431 Inter
630 2397 829 2434 caeteros
860 2388 1081 2435 nominat
1117 2385 1380 2434 Frontinus

370 2459 581 2507 Marium
596 2496 611 2520 ‚
644 2464 729 2526 qni
752 2477 927 2516 *eontra
961 2467 1208 2513 Teutonas
1242 2464 1384 2511 dimi-

371 2548 590 2597 caturus,
612 2541 940 2599 jumentorum
957 2559 1177 2606 magnam
1195 2553 1381 2606 partem

369 2615 618 2675 instruxit,
631 2634 781 2680 eaque
794 2635 1024 2682 agasones
1036 2621 1254 2682 lixasque
1268 2635 1382 2666 con-

371 2694 601 2744 scendere
621 2698 764 2757 jussit
776 2731 791 2755 ,
810 2709 865 2745 ut
881 2714 971 2761 per
991 2698 1043 2745 id
1070 2698 1218 2745 facies
1244 2698 1380 2760 equi-

371 2786 498 2823 tatus
512 2777 819 2838 oinceretur.
830 2779 919 2826 En.
929 2805 998 2813 —
1007 2778 1167 2825 Aliam
1180 2778 1382 2842 Sulpicii

369 2866 519 2902 artem
546 2868 780 2905 memorat
807 2856 1019 2927 Appian.
1041 2856 1102 2904 de
1124 2856 1246 2904 Reb.
1270 2856 1378 2920 gall.

372 2935 489 2980 Exc.
512 2936 555 2982 1.

443 3019 490 3066 4.
517 3014 664 3062 Malis
685 3025 842 3062 strata
864 3013 1057 3062 detrahi
1068 3014 1235 3079 jubet,
1264 3014 1315 3062 h.
1336 3030 1379 3062 e.

372 3088 571 3138 clitellas
596 3093 678 3157 (ut
699 3095 774 3151 X,
800 3102 887 3152 40,
916 3092 1145 3141 detractis
1164 3091 1374 3151 clitellis,

371 3167 650 3217 Paclcsattel
662 3171 680 3233 )
693 3205 707 3229 ‚
745 3172 923 3235 quibus
954 3172 1381 3221 substernebantur

372 3249 643 3295 centunculi
667 3248 1074 3314 (Saeceldeclcen)‚
1100 3267 1162 3298 ne
1189 3251 1379 3299 clitellas

371 3324 573 3372 terendo
591 3337 779 3390 tergum
794 3329 1034 3376 mulorum
1048 3329 1355 3376 vulnerarent
1364 3364 1378 3387 ,

373 3403 555 3451 Stroth.
597 3405 742 3454 Conf.
775 3407 1005 3454 Scheffer.
1036 3407 1097 3454 de
1121 3408 1195 3454 Re
1223 3407 1378 3455 vehie.

373 3483 448 3539 11,
481 3498 538 3541 a,
571 3501 623 3548 p.
650 3500 682 3546 9
712 3494 759 3531 et
785 3486 876 3542 233
909 3501 971 3531 ex
998 3500 1098 3547 quo
1132 3485 1377 3533 Drakenb.

369 3558 476 3607 haec
499 3563 724 3610 notavit:
754 3585 778 3604 α
802 3565 969 3610 Strata
999 3564 1141 3610 mulis
1169 3563 1381 3611 detracta

372 3655 471 3686 non
495 3653 609 3688 sunt
632 3642 761 3689 sellae
786 3642 934 3708 (muli
955 3643 1085 3689 enim
1111 3654 1247 3690 erant
1271 3658 1381 3706 aga-

371 3733 546 3766 sonum
560 3754 575 3778 ,
606 3721 693 3783 qui
718 3737 819 3769 non
839 3722 995 3784 parati
1016 3732 1152 3769 erant
1169 3720 1232 3768 ad
1251 3722 1382 3784 eqni·

370 3796 598 3853 tandum,
625 3798 712 3846 sed
730 3799 792 3847 ad
812 3799 1031 3846 ducenda
1044 3800 1260 3859 jumenta
1282 3816 1381 3847 sar-

371 3877 604 3940 cinaria),
626 3893 795 3925 verum
821 3894 1019 3943 sagmae,
1050 3895 1135 3926 seu
1162 3879 1382 3937 clitellae3

370 3956 500 4004 unde
506 3959 526 4017 j
533 3969 724 4005 amenta
736 3957 994 4005 clitellaria
1003 3994 1018 4015 ‚
1043 3958 1121 4005 vel
1131 3958 1382 4023 sagmaria

371 4046 420 4081 et
450 4035 658 4084 barbaro
690 4052 795 4084 aevo
830 4036 1093 4084 summaria
1124 4049 1380 4085 vocantur.

373 4113 447 4161 Ne
465 4130 580 4162 vero
597 4132 793 4180 sagmas,
813 4117 890 4164 vel
909 4115 1100 4165 clitellae
1121 4116 1382 4180 asperitate

1465 2321 1550 2352 sua
1584 2306 1800 2365 ,iumenta
1839 2304 2071 2352 laederent
2085 2336 2099 2360 ‚
2152 2301 2485 2349 subdebantur

1465 2384 1686 2449 pulvilli,
1704 2383 1844 2431 tamti
1862 2383 1999 2448 palea
2025 2382 2232 2431 rebusve
2247 2379 2378 2437 aliis,
2397 2388 2482 2426 ant

1467 2464 1748 2513 centunculi
1759 2499 1774 2519 ‚
1793 2464 1827 2510 i.
1842 2479 1884 2512 e.
1900 2463 2054 2530 panni
2066 2463 2265 2510 viliores
2282 2458 2487 2534 crassi03

1467 2559 1655 2605 resque.
1711 2542 1830 2590 Ideo
1873 2554 2032 2590 autem
2081 2541 2292 2589 dictator
2311 2587 2321 2598 ‚
2340 2536 2481 2585 mulis

1467 2632 1625 2667 strata
1650 2620 1845 2667 detrahi
1862 2621 2024 2680 jubet,
2047 2620 2158 2683 quia
2183 2620 2329 2683 longe
2353 2618 2480 2665 ultra

1468 2697 1666 2746 dorsum
1685 2698 1904 2748 animalis
1928 2697 2219 2748 eminebant.
2247 2700 2410 2760 Quare
2437 2696 2481 2744 si

1470 2776 1708 2823 sedissent
1726 2776 1779 2821 in
1803 2776 1995 2822 clitellis
2007 2811 2021 2834 ,
2041 2775 2183 2822 dolus
2205 2776 2343 2822 facile
2360 2775 2479 2822 fuis·

1469 2864 1543 2900 set
1567 2845 1919 2917 deprehensus,
1943 2870 2092 2916 quum
2115 2854 2184 2900 sic
2204 2853 2298 2899 visi
2322 2863 2482 2901 essent

1468 2932 1690 2989 altiores,
1716 2947 1862 2994 quam
1879 2932 2088 2979 solerent
2107 2931 2255 2994 vulgo
2276 2932 2477 2993 equites.

1470 3010 1641 3059 Stratis
1678 3022 1837 3058 autem
1878 3010 2104 3058 detractis
2121 3044 2134 3067 ,
2172 3008 2330 3057 relicti
2366 3020 2480 3055 sunt

1467 3090 1576 3137 bini
1593 3089 1897 3149 centunculi‚
1919 3089 2028 3152 qui,
2055 3101 2111 3137 nt
2127 3090 2344 3153 equitum
2363 3101 2480 3136 stra-

1467 3179 1543 3228 ta,
1573 3186 1635 3216 ex
1657 3184 1823 3233 panno
1843 3167 2148 3232 simplicique
2176 3169 2310 3216 corio
2330 3169 2483 3228 facta,

1467 3264 1704 3312 equorum
1726 3259 1863 3312 tergo
1891 3263 2055 3313 presse
2078 3247 2401 3306 inhaerebant‚
2427 3260 2482 3296 ut

1466 3338 1605 3375 tanto
1633 3326 1938 3375 commodius
1962 3342 2193 3390 agasones
2216 3327 2276 3374 iis
2298 3327 2479 3375 inside-

1466 3418 1575 3454 rent
1587 3442 1601 3466 ,
1623 3419 1672 3455 et
1683 3409 1901 3468 jumenta
1919 3406 2080 3454 minus
2097 3416 2443 3469 premerentur.
2454 3428 2480 3447 υ

1467 3487 1763 3550 strategema
1790 3502 1850 3534 eo
1877 3485 2088 3551 spectat,
2110 3496 2167 3533 ut
2190 3483 2337 3531 fallax
2362 3481 2483 3532 mul-

1467 3574 1629 3611 torum
1661 3566 1878 3629 equitum
1912 3565 2098 3630 species
2133 3574 2182 3611 et
2216 3562 2480 3627 improvisa

1467 3643 1757 3706 praebeatur.
1782 3645 1927 3694 Conf.
1952 3661 2060 3709 cap.
2085 3644 2163 3701 15,
2189 3659 2238 3689 n.
2263 3641 2480 3689 3.-Se-

1469 3721 1617 3778 dulo,·
1649 3722 1759 3770 data
1786 3738 1967 3788 opera:
1995 3723 2066 3771 sic
2087 3724 2268 3778 xxu,
2298 3720 2365 3768 25
2390 3735 2402 3768 ε
2434 3731 2485 3767 et

1470 3798 1521 3845 ἰη
1540 3799 1758 3848 ducendo
1780 3802 1902 3849 bello
1922 3802 2087 3849 sedulo
2109 3814 2291 3865 tempus
2313 3797 2478 3848 terere.

1470 3876 1600 3925 Vide
1640 3889 1689 3926 et
1724 3880 1903 3926 xxm
1924 3913 1937 3936 ,
1985 3881 2048 3927 23
2068 3913 2082 3938 ,
2130 3890 2179 3927 et
2234 3880 2442 3927 xxxn
2460 3913 2476 3937 ,

1478 3972 1499 4002 1
1515 3973 1558 4005 1.
1584 3959 1674 4004 En.

1547 4035 1594 4083 5.
1614 4038 1889 4101 Agasones.
1903 4073 1916 4085 .
1928 4038 2101 4085 ,armis
2121 4052 2345 4095 ornatos,
2371 4039 2485 4088 vide

1473 4115 1536 4162 ad
1556 4117 1657 4167 IX.
1688 4122 1778 4173 4ο,
1804 4131 1854 4163 n.
1874 4130 1952 4164 ια.
