3000 4717
2235 358 2284 397 A.
2307 358 2355 397 C.
2379 360 2602 406 434-432,

2235 419 2290 458 U.
2313 420 2360 458 C.
2383 423 2605 461 318—320.

531 382 623 464 48
1351 383 1424 448 Τ.
1489 383 1767 450 LIVII
1852 425 1857 429 -

533 520 607 577 et
636 508 731 575 M.
761 503 1125 601 Geganius
1162 504 1569 575 Macerinus
1602 526 1933 573 censores
1961 499 2201 572 villam
2224 498 2255 544 ⁵
2292 500 2661 598 publicam

531 618 608 686 in
640 637 896 711 campo
924 615 1184 684 Martio
1216 613 1742 713 probaverunt:
1769 612 2017 710 ibique
2048 613 2364 711 primum
2400 637 2662 684 census

531 726 786 825 populi
817 740 923 797 est
953 739 1172 795 actus.

626 841 889 908 XXIII.
920 835 1229 907 Eosdem
1264 832 1598 905 consules
1628 833 2042 929 insequenti
2077 856 2269 901 anno
2302 828 2614 902 refectos
2638 886 2658 920 ‚

528 941 799 1017 Julium
820 948 1145 1034 tertium,
1175 945 1578 1042 virginium
1605 944 1898 1028 iterum,
1918 941 2113 1038 apud
2137 946 2460 1013 Macrum
2480 952 2502 983 ¹
2534 944 2660 1014 Li-

534 1058 803 1128 cinium
819 1057 1136 1127 invenio.
1154 1055 1483 1126 Valerius
1504 1055 1751 1124 Antias
1768 1108 1788 1142 ‚
1810 1068 1880 1124 et
1909 1054 1997 1142 Q.
2015 1051 2303 1131 Tubero
2321 1057 2416 1122 M.
2448 1057 2663 1123 Man-

528 1166 707 1237 lium
741 1179 813 1236 et
844 1170 928 1257 Q.
964 1165 1361 1262 Sulpicium
1400 1164 1732 1235 consules
1766 1164 1844 1233 in
1883 1186 2050 1233 eum
2078 1186 2351 1233 annum
2381 1164 2610 1233 edunt
2640 1190 2656 1230 :
2736 1255 2742 1260 ὓ

533 1291 870 1350 caeterum
898 1278 976 1346 in
990 1291 1132 1347 tam
1160 1276 1611 1371 discrepante
1641 1273 1959 1346 editione
1986 1287 2059 1343 et
2087 1271 2377 1343 Tubero
2406 1287 2477 1343 et
2504 1278 2575 1342 M
2583 1298 2664 1343 a-

535 1413 655 1459 cer
685 1388 910 1459 libros
942 1385 1204 1459 linteos
1232 1402 1565 1457 auctores
1594 1384 2029 1483 profitentur
2062 1410 2076 1452 :
2114 1397 2405 1471 neuter,
2436 1381 2663 1454 tribu-

532 1521 668 1567 nos
713 1496 1025 1567 militum
1065 1521 1153 1567 eo
1189 1520 1383 1566 anno
1419 1494 1680 1585 fuisse,
1725 1495 2063 1565 traditum
2106 1519 2144 1563 a
2192 1493 2665 1591 scriptoribus

535 1607 850 1701 antiquis
897 1603 1318 1676 dissimulat.
1371 1609 1652 1678 Licinio
1695 1605 1917 1678 libros
1957 1605 2151 1677 haud
2192 1604 2411 1677 dubie
2458 1607 2665 1702 sequi

531 1715 796 1786 linteos
837 1716 1104 1811 placet3
1135 1729 1208 1785 et
1237 1714 1567 1787 Tubero²
1595 1719 1916 1789 incertus
1941 1719 2091 1788 veri
2136 1731 2240 1788 est
2269 1743 2284 1785 τ
2317 1716 2440 1788 sed
2472 1718 2666 1786 inter

603 1921 652 1968 5.
693 1919 822 1968 Villa
837 1919 1040 1984 publica
1069 1921 1119 1968 in
1158 1937 1330 1985 campo
1363 1920 1547 1968 Martio
1638 1926 1705 1976 2'4
1721 1957 1736 1980 ,
1768 1938 1790 1969 1
1804 1938 1825 1969 1
1843 1957 1857 1982 ,
1889 1926 1969 1972 16.
2000 1924 2230 1972 Similiter
2246 1923 2664 1989 censoresproba-

531 2010 750 2047 extremo
765 2034 780 2058 ,
818 2000 993 2047 domus
1035 2000 1232 2065 publica
1273 1999 1549 2047 suburbana
1636 2016 1691 2045 re
1709 2000 1940 2048 dicuntur
1959 2000 2085 2066 (tv,
2105 2017 2165 2049 ιο
2178 2037 2192 2061 ,
2209 2020 2257 2049 n.
2277 2002 2334 2066 3)
2362 2005 2518 2061 cives,
2537 2017 2662 2066 quo-

531 2076 700 2142 (unde
717 2077 841 2126 villa
855 2078 1088 2143 dicitur),
1106 2090 1155 2127 et
1171 2065 1435 2142 permagna
1453 2076 1547 2143 (cf.
1636 2096 1745 2126 rum
1768 2080 1884 2127 vitae
1912 2081 2149 2127 rationem
2170 2096 2426 2145 moresque
2451 2082 2666 2145 probant

473 2213 476 2216 Α
532 2157 619 2204 inf.
632 2159 763 2222 Epit.
773 2157 1402 2217 Lxxxv111;coll.valer.
1413 2158 1551 2204 Max.
1641 2175 1733 2206 nec
1756 2159 2002 2206 notandos
2024 2169 2309 2206 censent.—
2327 2160 2526 2223 Ibique,
2556 2160 2665 2208 scil.

534 2239 638 2295 IX,
659 2253 710 2298 2,
726 2254 779 2288 ιι.
800 2254 821 2284 1
839 2255 854 2298 ;
881 2249 930 2286 et
948 2238 1074 2284 Flor.
1094 2240 1171 2285 ΙΙΙ
1187 2272 1201 2296 ,
1231 2234 1354 2301 21),
1374 2236 1458 2283 ubi
1472 2252 1553 2283 co-

533 2316 693 2363 hortes
729 2317 803 2364 ad
836 2316 1070 2364 delectum
1109 2316 1297 2363 consuli
1327 2314 1555 2362 adductoe

534 2395 789 2443 considunt
802 2430 818 2451 ‚
854 2396 937 2443 ubi
974 2412 1116 2442 arma
1155 2394 1438 2450 ostendunt,
1474 2393 1558 2440 ubi

532 2489 748 2521 censores
762 2490 904 2520 censu
921 2471 1035 2538 (pro
1053 2473 1230 2530 censui,
1247 2472 1298 2521 h.
1311 2490 1353 2520 e.
1366 2473 1430 2519 ad
1445 2488 1556 2519 cen-

535 2569 668 2610 sum,
697 2553 773 2600 vel
792 2552 990 2615 quando
1008 2568 1182 2600 census
1199 2552 1373 2616 agitur,
1393 2563 1449 2598 ut
1472 2567 1556 2597 co-

534 2631 704 2688 mitiis,
723 2631 872 2687 ludis,
889 2647 1106 2688 munere,
1128 2628 1449 2695 Circensibus)
1463 2628 1555 2677 ad-

535 2711 732 2758 mittunt
736 2711 999 2774 populum,
1026 2710 1167 2757 Varr.
1193 2712 1291 2758 Res
1309 2721 1428 2757 rust.
1448 2711 1526 2756 111
1539 2744 1555 2768 ‚

536 2807 565 2838 2
581 2826 596 2850 ,
617 2799 664 2847 4.
685 2792 803 2839 Eam
820 2802 869 2837 et
882 2791 1054 2855 legatis
1071 2789 1291 2840 hostium
1309 2789 1530 2854 hospitio
1542 2823 1558 2847 ,

537 2882 586 2917 et
603 2870 698 2918 aedi
715 2870 929 2917 Bellonae
947 2869 1157 2916 vicinam
1169 2868 1338 2926 fuisse,
1359 2869 1557 2932 quidam

536 2949 773 3012 collegere
787 2965 851 2996 ex
857 2949 1030 3005 XXX,
1042 2964 1069 2995 2
1082 2963 1103 2994 1
1119 2959 1219 2996 ext.
1235 2959 1284 2996 et
1295 2950 1528 2996 XXXIII
1541 2982 1556 3007 ‚

537 3036 620 3082 24.
641 3028 716 3075 Cf.
730 3026 932 3091 Vignol.
956 3026 1020 3074 ad
1037 3028 1251 3076 column.
1267 3029 1386 3074 Ant.
1410 3027 1487 3073 Pii
1510 3044 1554 3075 c.

538 3121 587 3151 ιι.
601 3132 670 3140 ——-
689 3107 905 3153 Probare
924 3119 1094 3169 propr.
1123 3106 1354 3154 dicuntur
1383 3121 1556 3153 censo-

535 3200 611 3230 res
623 3218 638 3241 ,
651 3199 801 3246 quum
815 3199 941 3246 opus
952 3218 966 3241 ‚
981 3184 1115 3246 quod
1129 3184 1434 3247 mancipibus
1448 3183 1558 3247 (seu

536 3262 927 3325 redemptoribus
940 3295 955 3319 ‚
987 3262 1362 3324 Enerepreneurs
1380 3261 1400 3326 )
1438 3278 1558 3309 con-

536 3340 821 3389 struendum
853 3338 1079 3386 locarunt
1094 3374 1108 3397 ‚
1141 3340 1419 3387 examinant
1434 3376 1449 3398 ,
1486 3353 1559 3388 at-

536 3436 634 3485 que
649 3418 903 3482 inquirunt
915 3453 929 3475 ‚
947 3434 1011 3464 an
1025 3418 1301 3465 confectum
1316 3419 1380 3467 sit
1393 3435 1563 3466 secun-

538 3500 654 3548 dum
668 3498 922 3547 formulam
930 3497 1193 3544 locationis
1201 3499 1534 3562 praescriptam
1544 3515 1558 3556 ς

537 3577 945 3642 quemadmodum
983 3586 1155 3623 contra
1187 3577 1461 3640 approbare
1491 3577 1563 3623 di-

538 3670 715 3707 cuntur
729 3658 1061 3721 redemptores
1073 3691 1088 3714 ‚
1101 3672 1251 3719 quum
1265 3671 1407 3719 opus,
1426 3655 1563 3718 quod

538 3737 884 3785 exstruendum
910 3736 1253 3785 conduxerunt
1264 3768 1278 3792 ‚
1292 3735 1562 3783 secundum

536 3814 668 3877 leges
702 3817 796 3863 sibi
836 3816 990 3864 dictas
1022 3816 1297 3863 absolutum
1334 3831 1436 3862 esse
1477 3815 1563 3862 de-

541 3905 848 3951 monstrant;
883 3894 1032 3941 Drak.
1070 3896 1252 3944 Confer
1275 3895 1431 3953 XLV,
1463 3894 1526 3942 15
1542 3911 1557 3953 ;

542 3971 608 4018 ad
623 3973 724 4029 VI,
750 3980 812 4028 4,
836 3988 887 4019 n.
910 3980 968 4034 43
993 3972 1057 4019 ad
1076 3973 1160 4021 Sil.
1181 3976 1284 4032 ΙΙΙ,
1305 3974 1432 4032 3783
1451 3973 1556 4022 Cic.

535 4051 674 4097 Verr.
709 4053 760 4108 Ι,
789 4050 883 4105 543
908 4052 1076 4114 Intpp.
1113 4053 1266 4102 Plaut.
1309 4054 1556 4117 Amphitr.

540 4129 673 4177 Prol.
709 4129 796 4186 133
818 4128 946 4190 inpr-
981 4129 1145 4175 Burm.
1185 4129 1249 4175 ad
1272 4130 1436 4176 Phaed.
1465 4132 1556 4190 IV,

1641 2237 1706 2284 ad
1728 2238 1857 2284 hanc
1881 2237 2046 2284 villam
2070 2237 2318 2302 publicam
2334 2273 2348 2296 ,
2374 2253 2460 2284 seu
2493 2238 2546 2284 in
2579 2255 2668 2299 ea;

1642 2332 1747 2364 non
1767 2317 1819 2362 in
1839 2331 2012 2380 campo
2036 2315 2217 2363 Martio
2232 2350 2247 2374 ,
2270 2316 2323 2362 in
2343 2331 2442 2379 quo
2468 2316 2667 2363 Servius

1643 2396 1832 2443 Tullius
1854 2397 2063 2458 primum
2092 2396 2191 2459 egit
2213 2410 2428 2442 censum.

1689 2505 1693 2510 -
1714 2474 1837 2524 Car.
1856 2476 2051 2522 XXIII.
2080 2491 2126 2523 1.
2153 2475 2376 2521 Macrum
2398 2473 2662 2531 Licinium,

1643 2570 1695 2602 v.
1714 2554 1778 2601 ad
1800 2555 1901 2612 111,
1925 2570 1941 2599 ι
1958 2587 1974 2611 ,
1994 2570 2046 2602 n.
2070 2552 2413 2601 1.-Consules
2427 2551 2601 2600 edunt.
2617 2587 2632 2599 .
2651 2588 2663 2600 .

1646 2632 1695 2680 in
1718 2632 1951 2689 editione,
1984 2632 2099 2680 vide
2127 2631 2190 2680 ad
2215 2633 2265 2692 1,
2293 2633 2385 2689 18,
2411 2647 2462 2678 ιι.
2491 2647 2539 2679 2.
2572 2633 2665 2678 Tu·

1645 2712 1757 2759 bero
1803 2723 1852 2758 ec
1889 2714 2087 2770 Macer,
2119 2712 2209 2759 etsi
2249 2711 2469 2759 diversos
2512 2709 2665 2759 edunt

1648 2778 1901 2849 consules,
1930 2802 2116 2849 tamen,
2139 2790 2275 2854 quod
2304 2790 2493 2837 mireris
2508 2824 2524 2849 ,
2556 2804 2665 2837 eos·
2698 2783 2705 2788 ⁵

1646 2871 1758 2919 dem
1785 2870 1929 2919 libros
1956 2870 2125 2917 linceos
2147 2869 2290 2933 (vide
2317 2867 2381 2917 ad
2407 2885 2514 2933 cap.
2540 2882 2588 2928 7,
2610 2884 2664 2916 n.

1647 2948 1707 3014 7)
1733 2961 1954 2997 auctores
1965 2948 2275 3015 profitentur,
2297 2948 2577 3004 nominant,
2594 2947 2665 2993 ci·

1645 3039 1775 3086 tant,
1808 3028 1871 3074 ad
1905 3042 2076 3074 eorum
2111 3026 2449 3073 auctoritatem
2483 3039 2665 3088 provo-

1645 3117 1759 3154 cant
1772 3141 1787 3165 ,
1812 3106 1881 3153 sie
1890 3102 2077 3170 fiilzren
2099 3105 2168 3151 sie
2189 3105 2264 3151 als
2294 3103 2668 3152 Gewdlzrsmdn·

1644 3201 1734 3231 ner
1748 3200 1830 3231 an.
1855 3184 2037 3231 Confer
2053 3183 2216 3233 Periz„
2225 3183 2373 3231 anim.
2391 3183 2507 3232 hist.
2533 3198 2576 3229 c.
2606 3196 2665 3243 9,

1646 3281 1697 3328 p.
1728 3264 1995 3325 37o.-—Q.
2025 3263 2335 3310 Tuberonem
2361 3261 2526 3308 laudat
2550 3262 2667 3309 Dio-

1646 3342 1819 3407 nysius
1835 3374 1849 3400 ,
1877 3358 2044 3389 versus
2067 3340 2217 3388 finem
2234 3340 2348 3388 libri
2365 3340 2539 3404 primi,
2563 3350 2666 3388 tan·

1648 3436 1793 3484 quam
1817 3421 1943 3468 acris
1968 3420 2153 3485 ingenii
2179 3420 2363 3478 virum,
2386 3431 2436 3467 et
2454 3420 2507 3466 in
2519 3419 2668 3466 histo-

1647 3500 1719 3546 ria
1760 3499 2055 3563 diligentem.
2105 3500 2227 3561 Quae
2273 3499 2442 3546 laudes
2482 3497 2668 3561 optime

1650 3578 1889 3643 quadrant
1926 3580 1982 3626 in
2022 3579 2332 3627 Tuberonem
2372 3578 2535 3634 illum,
2566 3591 2666 3640 quo

1650 3669 1904 3705 accusante
1936 3658 2181 3722 Ligarium
2215 3659 2387 3706 Cicero
2422 3655 2667 3716 defendit,

1650 3753 1678 3783 a
1691 3754 1789 3800 quo
1804 3748 1852 3785 et
1864 3737 2084 3785 historiae
2096 3737 2365 3785 scribenda
2379 3733 2539 3782 datam
2552 3750 2669 3799 ope-

1648 3833 1751 3870 ram
1777 3833 1881 3865 esse
1901 3816 2033 3864 idem
2049 3817 2222 3864 Cicero
2242 3814 2385 3862 docet
2410 3814 2464 3862 in
2486 3814 2667 3862 celebri

1647 3896 1730 3943 illa
1756 3897 1819 3944 ad
1843 3897 1905 3958 Q.
1931 3896 2126 3943 fratrem
2154 3894 2376 3958 epistola.
2408 3896 2500 3942 En.

1716 3990 1765 4022 α.
1813 3974 1995 4020 Tubero
2038 3973 2243 4019 incertus
2290 3973 2401 4020 veri
2447 3966 2665 4034 (ἕνεκα)

1646 4065 1740 4109 esc,
1777 4053 1828 4099 h.
1858 4069 1900 4098 e.
1930 4049 2131 4108 dubius,
2163 4062 2328 4098 utrum
2360 4067 2530 4099 verum
2565 4052 2664 4110 sit,

1646 4131 1780 4195 quod
1805 4129 2058 4192 scriptores
2085 4129 2301 4193 antiqui,
2325 4147 2390 4178 an
2414 4131 2551 4194 quod
2575 4131 2667 4178 lin-
