3000 4717
464 409 510 444 Α.
538 405 584 443 C.
616 404 709 454 337.

464 464 516 504 Π.
543 467 589 504 C.
620 464 707 508 415.

899 423 1211 490 LIBER
1260 422 1484 489 VIII.
1544 409 1752 489 CAP‘.
1801 423 2027 490 VIII.

2379 420 2518 508 445

413 543 760 632 habebat;
793 567 1036 613 earum
1067 543 1368 638 primam
1406 563 1771 637 quamque
1802 542 2116 637 primum
2141 542 2370 638 pilum
2396 567 2524 614 vo-

412 651 953 727 cabant.Tribus
979 678 1067 722 ex
1084 649 1355 720 vexillis
1375 648 1785 720 constabat:
1816 648 2210 746 (vexillum)
2236 666 2524 722 centum

412 765 780 862 octoginta
817 787 940 833 sex-
980 761 1310 830 homines
1347 774 1570 831 erant.
1624 760 1938 830 Primum
1978 759 2316 831 vexillum
2357 763 2527 832 tria-

409 876 556 944 rios
600 870 908 942 ducebat
925 866 979 956 ⁵,
1022 883 1439 940 veteranum
1482 869 1780 940 militem
1826 883 2156 966 spectatae
2195 871 2520 942 virtutis:

411 978 807 1053 secundum
856 979 1168 1050 rorarios
1190 1033 1209 1065 ,
1253 980 1494 1048 minus
1543 978 1828 1049 roboris
1881 992 2085 1050 aetate
2130 978 2521 1078 factisque:

411 1093 700 1163 tertium
738 1113 1109 1175 accensos,
1156 1090 1465 1170 minimae
1512 1086 1789 1158 fiduciae
1819 1113 2158 1178 manum;
2206 1114 2294 1161 eo
2337 1105 2410 1160 et
2445 1093 2520 1160 in

410 1216 849 1298 postremam
904 1200 1128 1269 aciem
1187 1196 1717 1292 rejiciebantur.
1782 1197 1925 1269 Ubi
1985 1198 2095 1268 his
2149 1197 2571 1290 ordinibus,

409 1311 760 1382 exercitus
795 1310 1187 1379 instructus
1225 1321 1444 1393 esset,
1480 1306 1737 1377 hastati
1772 1309 2101 1378 omnium
2137 1310 2350 1405 primi
2382 1333 2522 1406 pu-

411 1437 636 1517 gnam·
666 1417 984 1506 inibant3
1026 1419 1087 1489 si
1125 1417 1383 1487 hastati
1424 1414 1803 1513 profligare
1843 1416 2126 1488 hostem
2165 1442 2317 1488 non
2361 1444 2525 1516 pos·

412 1544 571 1600 sent
592 1583 613 1616 ,
667 1528 852 1626 pede
902 1549 1146 1625 presso
1206 1550 1330 1598 eos
1385 1525 1924 1598 retrocedentes
1946 1523 1977 1568 ⁶
2029 1528 2104 1598 in
2155 1529 2528 1600 intervalla

411 1733 515 1768 tum
537 1738 790 1778 numerum
810 1723 982 1779 fuisse,
995 1738 1137 1785 quam
1150 1720 1429 1784 principum

412 1800 493 1847 vel
506 1800 804 1849 hastatorum
827 1801 1053 1859 seorsim,
1077 1799 1316 1862 intelliges
1334 1799 1431 1864 pri-

411 1891 632 1928 mumex
652 1895 739 1938 eo,
766 1879 901 1942 quod
915 1914 928 1937 ,
949 1877 1254 1927 si‘rationem
1278 1879 1429 1925 duxe-

412 1957 478 2004 ris
494 1991 508 2016 ,
550 1974 612 2005 ex
651 1959 752 2005 XV
792 1957 1046 2005 ordinibus
1092 1955 1398 2020 subsignanis
1415 1990 1429 2014 ,

412 2052 617 2100 quorum
650 2036 855 2100 quisque
886 2046 988 2082 erat
1018 2036 1115 2082 186
1146 2034 1396 2081 hominnm
1412 2068 1427 2092 ,

413 2130 514 2161 non
542 2129 797 2162 numerum
825 2115 956 2174 930,
982 2124 1036 2160 nt
1062 2128 1124 2159 ex
1145 2114 1244 2159 XV
1273 2111 1427 2160 mani-

410 2194 563 2257 pulis,
587 2193 666 2240 vel
687 2193 1008 2249 hastatorum,
1029 2191 1107 2237 vel
1123 2190 1426 2255 principum,

411 2271 498 2318 sed
526 2286 661 2333 2790
691 2268 946 2327 conficies3
974 2267 1150 2316 deinde
1177 2285 1239 2315 ex
1263 2267 1425 2316 verbis

409 2349 536 2395 Livii
571 2348 634 2395 ad
665 2347 813 2397 finem
839 2347 983 2408 hujus
1016 2361 1122 2409 cap.
1150 2362 1323 2394 novam
1352 2361 1425 2393 re-

402 2437 549 2488 pente
576 2426 730 2472 aciem
758 2437 1094 2490 exsurgentem
1116 2436 1314 2473 auctam
1338 2440 1420 2471 nu·

412 2507 542 2550 πιέν-ο
576 2504 870 2559 cernebant‚·
905 2503 1116 2565 deniqne
1146 2520 1173 2551 e
1204 2520 1311 2568 cap.
1339 2518 1426 2553 10:

412 2597 523 2628 nam
561 2581 811 2643 quomodo
854 2580 924 2627 ibi
964 2580 1177 2628 Manlius
1226 2581 1429 2639 consul,

413 2657 669 2706 reservatis
685 2657 748 2704 ad
772 2667 1039 2711 extremum
1060 2666 1303 2704 certamen
1320 2658 1429 2714 tria-

412 2738 497 2785 riis
510 2773 523 2795 ‚
559 2736 691 2784 solos
731 2749 962 2783 accensos
1003 2732 1135 2780 hosti
1178 2749 1429 2796 opponere

412 2816 652 2881 potuisset
665 2849 681 2875 ‚
716 2814 978 2875 hostesque
1022 2827 1126 2858 non
1167 2811 1431 2859 sensissent

412 2895 555 2943 istam
579 2894 871 2959 paucitatem
885 2924 900 2948 ,
928 2890 1025 2937 nisi
1061 2889 1178 2936 solis
1216 2889 1430 2936 accensis

412 2973 544 3022 idem
560 2987 788 3020 numerus
804 2970 974 3017 fuisset
988 3003 1003 3028 ,
1024 2968 1110 3032 qui
1126 2967 1324 3031 reliquis
1340 2966 1430 3013 mi-

411 3051 552 3099 litum
570 3051 857 3114 generibus?
873 3072 898 3090 a

486 3131 533 3177 5.
554 3129 768 3176 Primum
782 3126 1023 3175 vexillum
1048 3125 1261 3173 Triarius
1286 3123 1427 3192 duce-

414 3208 531 3263 bat,
559 3206 672 3253 vide
700 3205 764 3252 ad
791 3207 869 3262 11,
889 3221 981 3262 ao,
1007 3221 1057 3252 n.
1085 3207 1132 3252 3.
1158 3231 1228 3241 —
1252 3205 1428 3250 Secun-

415 3285 529 3330 dum
549 3284 790 3339 rorarios,
815 3298 940 3345 quos
950 3284 1106 3330 Varro
1119 3282 1340 3341 L.1..V1,
1364 3282 1392 3329 3
1408 3316 1425 3341 ,

414 3365 583 3411 Festus
596 3373 645 3408 et
662 3361 853 3408 Nonius
870 3361 1129 3408 Marcellus
1147 3360 1307 3408 dictos
1324 3375 1428 3406 mo-

413 3453 534 3489 nent
558 3458 591 3488 a
614 3455 746 3495 rore,
772 3439 1141 3502 quodprcelium
1164 3439 1428 3486 committe·

416 3520 532 3569 bam-
552 3517 742 3582 primi:
771 3516 878 3563 ideo
902 3528 1016 3563 ante
1042 3517 1235 3563 imbrem
1259 3532 1430 3563 rorare

413 3598 549 3646 solet.
579 3595 823 3644 strothius
843 3594 947 3641 haec
974 3594 1201 3641 notavit:
1228 3595 1430 3640 “Rora-

414 3675 480 3722 rii
506 3675 656 3722 iidem
695 3674 842 3720 fuisse
875 3672 1125 3727 videntur,
1149 3672 1232 3734 qui
1260 3683 1429 3735 postea

415 3754 583 3801 velites
610 3752 729 3799 dicti
760 3761 898 3808 sunt,
936 3749 1175 3813 primique
1216 3765 1429 3813 pugnam

415 3831 620 3880 inibant.
642 3831 661 3892 (
680 3829 775 3877 Sed
795 3829 890 3875 hoc
910 3827 1074 3874 Livius
1093 3841 1211 3874 mox
1224 3826 1348 3874 dicit
1368 3827 1430 3874 de

415 3908 666 3972 hastatis.)
692 3910 767 3955 Ex
798 3922 896 3970 quo
916 3907 1016 3965 jain
1041 3916 1203 3969 patet,
1240 3905 1432 3953 Livium

417 3989 563 4051 longe
607 3987 748 4034 aliam
785 3985 907 4032 aciei
940 3985 1145 4031 formam
1186 3999 1430 4042 enarrare,

418 4082 563 4129 quam
582 4081 690 4130 quae
711 4075 881 4128 postea
898 4064 1006 4110 fuit.
1028 4062 1161 4124 Quid
1179 4062 1327 4125 igitur
1344 4063 1433 4110 mi·

419 4160 553 4206 rum,
593 4145 636 4192 si
665 4155 740 4192 ter
766 4141 1048 4206 quindecim
1082 4140 1279 4190 ordines
1302 4157 1434 4189 com·

1518 1732 1752 1769 memoret
1765 1754 1779 1779 ‚
1817 1721 1933 1769 licet
1960 1733 2131 1787 postea
2164 1723 2314 1771 modo
2350 1713 2424 1771 ter
2450 1723 2531 1771 de-

1518 1814 1622 1846 cem
1645 1799 1859 1847 fuerint?
1882 1822 1908 1841 ³·
1943 1800 2126 1849 Confer
2151 1802 2214 1849 ad
2236 1803 2439 1860 XXVI,
2473 1811 2529 1861 4,

1517 1892 1566 1923 n.
1589 1878 1638 1924 6.
1657 1902 1727 1912 —
1751 1877 1959 1925 Tertium
1977 1881 2217 1926 Accensos
2225 1897 2248 1936 ;
2269 1879 2386 1927 vide
2402 1881 2462 1928 ad
2481 1884 2527 1940 1,

1519 1955 1610 2010 43,
1639 1970 1692 2001 n.
1729 1956 1808 2002 13.
1849 1981 1919 1991 —-
1958 1958 2310 2020 Interpretatur
2337 1960 2530 2019 Festus,

1516 2033 1601 2096 qui
1615 2033 1677 2080 ad
1691 2049 1890 2081 censum
1900 2035 2147 2098 legionum
2157 2035 2533 2095 adjiciebantur:

1513 2109 1567 2157 id
1580 2122 1678 2170 est,
1700 2113 1785 2174 qui
1804 2122 1940 2160 extra
1962 2128 2215 2160 numerum
2231 2113 2413 2176 legioni
2426 2116 2529 2176 jam

1513 2188 1768 2252 completae
1781 2188 2181 2239 adscribebantur
2191 2225 2209 2251 ,
2227 2192 2346 2238 utin
2365 2191 2532 2249 locum

1513 2266 1877 2315 demortuorum
1895 2269 2105 2315 militnm
2128 2269 2535 2333 subrogarentur,

1514 2345 1709 2393 interim
1767 2346 1941 2407 jaculis
2002 2347 2361 2411 mIssilibnsque
2425 2349 2535 2397 telis

1515 2425 1794 2488 pugnaturi.
1843 2426 1935 2472 En.
1981 2452 2054 2461 —
2088 2425 2307 2473 Minima
2322 2425 2532 2493 fiducioe

1515 2518 1737 2559 manum,
1766 2504 1821 2550 in
1846 2503 2024 2567 quibus
2045 2504 2299 2552 minimum
2322 2504 2532 2554 colloca-

1516 2592 1650 2629 retur
1672 2580 1882 2630 fiduciae.

1587 2659 1638 2706 6.
1657 2659 1960 2722 Pedepresso
1978 2662 2351 2720 reaccedentes,
2380 2664 2536 2726 gradi-

1516 2734 1610 2780 bus
1631 2735 1796 2797 parvis
1821 2736 1905 2799 (ut
1916 2753 2142 2799 premere
2156 2740 2391 2805 wseigia,
2415 2758 2536 2807 gra-

1518 2810 1664 2867 dum,
1696 2827 1887 2859 cursum
1910 2829 2003 2876 pro
2024 2818 2370 2879 comprimere,
2406 2820 2537 2868 inhi-

1518 2887 1692 2954 bere),
1722 2889 1799 2938 vel
1826 2891 2151 2952 pedetentim,
2181 2894 2337 2954 lente,
2364 2898 2537 2960 grada-

1520 2966 1634 3025 tim,
1676 2964 1802 3029 pede
1828 2979 1944 3031 post
1979 2979 2028 3017 et
2055 2970 2119 3017 ad
2142 2971 2316 3035 peden
2342 2975 2538 3044 posito,

1516 3044 1670 3108 gradu
1689 3043 1911 3093 dimenso
1925 3056 1974 3094 et
1991 3047 2188 3096 militari
2205 3049 2350 3115 (vide
2366 3053 2430 3100 ad
2441 3054 2536 3114 IV,

1521 3124 1612 3181 32,
1630 3138 1680 3170 n.
1707 3124 1769 3180 6,
1797 3122 1987 3170 modico
2007 3126 2170 3189 gmdu
2192 3130 2372 3189 XXX,
2395 3130 2458 3191 5,
2481 3146 2536 3180 n.

1520 3198 1587 3265 4)
1610 3234 1624 3260 ,
1677 3211 1733 3249 ut
1784 3216 1902 3249 mox
1943 3203 2118 3251 sensim
2168 3207 2501 3272 referebantur
2513 3245 2533 3267 ‚

1517 3280 1770 3337 XXVIII,
1802 3288 1887 3338 143
1908 3296 2074 3343 presso
2097 3284 2262 3346 gradu
2285 3287 2534 3344 incedere,

1521 3352 1682 3422 βάδην
1701 3356 1784 3409 καὶ
1807 3361 2013 3428 πρᾳιῖοιν
2041 3364 2282 3415 ποιιῖσθαι
2302 3366 2389 3418 τὴν
2421 3367 2537 3417 ᾶπα-

1515 3437 1678 3507 γωγὴν
1691 3475 1705 3498 ,
1726 3456 1816 3489 sen
1836 3437 2032 3508 πορείαν
2052 3477 2068 3504 ,
2104 3440 2150 3490 ἐν
2178 3441 2315 3504 τάξει
2334 3443 2417 3494 καὶ
2444 3444 2531 3508 βά-

1516 3511 1610 3571 δην
1633 3519 1874 3569 ποιιῖσθαι
1895 3516 1984 3573 τὴν
2009 3513 2179 3587 ἔφοδον
2194 3555 2209 3576 ,
2246 3516 2407 3584 βάδην
2424 3541 2538 3592 προ-

1520 3595 1652 3665 άγειν
1666 3632 1684 3658 ,
1721 3599 1937 3667 προῖίναι
1956 3634 1973 3661 ,
2024 3600 2363 3668 ίκποριὺισθαι
2404 3604 2541 3668 apud

1519 3675 1695 3739 Polyb.
1722 3677 1799 3734 11,
1831 3679 2057 3737 273111,
2081 3679 2189 3737 65,
2210 3695 2299 3739 723
2324 3680 2414 3738 IV,
2443 3680 2537 3740 65;

1518 3754 1583 3809 V,
1605 3753 1693 3810 803
1711 3754 1863 3812 VIII,
1889 3755 1976 3812 303
1996 3756 2075 3814 X,
2092 3758 2179 3815 303
2201 3758 2303 3815 XI,
2324 3758 2389 3804 23
2408 3774 2422 3816 ;
2442 3768 2537 3805 etc.

1519 3844 1570 3879 et
1595 3843 1767 3880 contra
1800 3832 1965 3900 ίνιργῇ
1987 3837 2226 3887 ποιιῖσθαι
2253 3835 2340 3892 τὴν
2362 3830 2536 3905 ἔφοδον

1520 3909 1624 3966 XI,
1649 3909 1741 3968 23,
1766 3926 1815 3956 n.
1844 3925 1904 3971 23
1933 3923 1981 3959 et
2009 3913 2160 3961 citato
2175 3914 2341 3979 gradu
2363 3915 2540 3963 ducere

1521 3987 1774 4044 xxvnl,
1814 3995 1893 4043 14.
1915 4014 1985 4024 ——-
2013 3993 2071 4037 In
2086 4027 2101 4047 ,
2132 4008 2245 4057 per,
2283 3992 2537 4042 intervalla

1523 4064 1748 4113 ordinum
1761 4100 1776 4121 ‚
1812 4065 1879 4114 ita
1900 4077 1958 4113 nt
1974 4066 2151 4117 hastati
2173 4086 2229 4117 ea
2255 4073 2539 4131 transirent,

1525 4154 1574 4192 et
1599 4155 1713 4207 post
1738 4143 1988 4209 principes
2009 4147 2233 4197 collocati
2261 4161 2433 4198 essent.
