3000 4717
508 378 644 461 ποί.
1349 371 1425 442 Τ.
1484 375 1764 444 LIVII
2329 356 2458 458 ἓξὲξ·
2481 358 2578 461 ζξξζ

508 500 839 571 sedentes
870 496 1094 583 virOS,
1138 509 1397 592 praeter
1424 509 1764 567 ornatum
1795 493 2272 593 habitumque
2306 496 2632 571 humano

419 645 429 653 ·
504 610 990 706 augustiorem
1010 661 1029 694 ‚
1076 607 1446 703 majestate
1479 607 1733 696 etiam,
1776 631 1994 703 quam
2025 607 2267 679 vultus
2297 612 2630 707 gravitas·

506 744 651 816 que
680 719 825 788 oris
855 743 1002 815 prae
1031 743 1106 788 se
1130 715 1408 789 ferebat
1425 772 1444 805 ‚
1468 717 1872 788 simillimos
1901 718 2056 788 diis.
2094 716 2203 789 Ad
2230 743 2355 791 eos
2377 774 2397 808 ‚
2431 721 2630 791 velut

502 829 912 917 simulacra,
949 829 1138 899 versi
1171 852 1401 924 quum
1426 841 1734 917 starent,
1777 834 1873 899 M.
1905 830 2271 926 PapiriuS‚
2307 855 2501 901 unus
2539 855 2630 902 ex

505 935 618 1007 his
639 993 657 1024 ‚
711 939 973 1011 dicitur
1012 937 1259 1026 Gallo,
1316 936 1615 1009 barbam
1674 963 1913 1028 suam,
1963 953 2046 1010 ut
2087 955 2245 1010 tum
2292 940 2631 1013 omnibus

505 1050 854 1147 promissa
875 1063 1025 1121 erat
1038 1103 1058 1137 ‚
1086 1049 1604 1147 permulcenti,
1631 1050 1954 1147 scipione
1974 1049 2302 1121 eburneo
2320 1052 2396 1121 in
2415 1066 2632 1148 caput

505 1160 795 1233 incusso
836 1163 1013 1233 iram
1053 1160 1396 1249 movisse3
1442 1173 1662 1256 atque
1700 1159 1791 1231 ab
1830 1186 1918 1232 eo
1949 1162 2231 1232 initium
2271 1163 2480 1234 caedis
2509 1188 2630 1234 or-

503 1283 701 1356 tum;
742 1285 1032 1344 caeteros
1066 1274 1143 1342 in
1174 1268 1466 1342 sedibus
1501 1272 1646 1341 suis
1670 1271 2065 1343 trucidatos
2082 1282 2132 1341 ⁷.
2170 1277 2336 1343 Post
2362 1273 2632 1370 princi-

503 1405 684 1479 pum
705 1383 995 1470 caedem,
1020 1382 1202 1453 nulli
1221 1379 1486 1453 deinde
1508 1382 1919 1453 mortalium
1940 1383 2159 1481 parci,
2180 1382 2392 1481 diripi
2410 1395 2629 1470 tecta,

509 1491 875 1561 exhaustis
903 1492 1104 1587 injici
1130 1491 1353 1589 ignes,

545 1656 559 1665 .
602 1604 814 1670 XLII.
856 1605 1242 1689 Caeterum,
1288 1625 1416 1673 seu
1455 1626 1611 1672 non
1646 1601 1988 1672 omnibus
2013 1613 2035 1644 ¹
2079 1600 2401 1674 delendae
2432 1600 2636 1673 urbis

502 1706 730 1794 libido
765 1722 915 1778 erat
935 1764 954 1798 ‚
997 1732 1127 1780 seu
1171 1712 1272 1780 ita
1316 1710 1688 1807 placuerat
1725 1698 2176 1811 principibus
2218 1712 2589 1785 Gallorum
2609 1767 2629 1803 ‚

506 1832 580 1890 et
616 1820 959 1891 ostentari
997 1818 1700 1915 quaedamflincendia
1735 1823 2030 1893 terroris
2066 1848 2306 1910 causa,
2343 1824 2402 1895 si
2430 1846 2632 1894 com-

503 1929 676 2028 pelli
726 1928 817 2000 ad
858 1928 1302 2002 deditionem
1354 1931 1648 2004 caritate
1706 1930 1985 2003 sedium
2032 1957 2324 2005 suarum
2362 1931 2634 2005 obsessi

503 2054 836 2139 possent3
884 2054 956 2112 et
998 2065 1151 2111 non
1188 2042 1433 2111 omnia
1473 2044 1922 2113 concremari
1960 2055 2184 2130 tecta,
2227 2056 2347 2131 ut,
2394 2040 2633 2139 quod-

506 2175 818 2249 cumque
882 2165 1289 2249 superesset
1343 2149 1583 2241 urbis,
1655 2150 1729 2221 id
1782 2153 2044 2248 pignus
2097 2149 2187 2221 ad
2236 2147 2635 2221 flectendos

502 2262 827 2338 hostium
855 2263 1134 2332 animos
1160 2260 1554 2348 haberent3
1596 2284 2054 2357 nequaquam
2084 2258 2385 2355 perinde
2412 2273 2638 2356 atque

505 2372 584 2441 in
613 2384 815 2468 capta
848 2370 1064 2458 urbe,
1098 2370 1328 2466 prima
1356 2370 1505 2459 die,
1539 2357 1680 2440 aut‘
1694 2370 1953 2467 passim
1974 2423 1992 2456 ‚
2017 2382 2142 2439 aut
2172 2367 2314 2438 late
2342 2384 2637 2464 vagatus

508 2494 615 2550 est
657 2481 863 2574 ignis.
917 2481 1253 2569 Romani,
1306 2505 1394 2551 ex
1447 2503 1612 2550 arce
1663 2479 1954 2576 plenam
2000 2479 2321 2550 hostium
2375 2478 2638 2552 urbem

505 2601 885 2658 cernentes
902 2642 922 2675 ‚
946 2612 1310 2686 vagosque
1328 2613 1460 2686 per
1484 2588 1632 2659 vias
1653 2613 1906 2659 omnes
1935 2612 2219 2675 cursm,
2243 2614 2470 2686 quum
2500 2589 2633 2660 alia

504 2714 723 2796 atque
751 2698 885 2769 alia
909 2713 1111 2796 parte
1134 2725 1321 2771 nova
1347 2700 1586 2796 aliqua
1608 2698 1845 2771 clades
1875 2702 2188 2773 oriretur
2205 2755 2223 2788 ‚
2253 2724 2406 2770 non
2425 2723 2631 2771 men-

506 2809 702 2881 tibus
729 2811 1005 2883 solum²
1035 2814 1417 2910 concipere
1434 2866 1452 2897 ,
1485 2810 1612 2883 sed
1642 2837 1736 2882 ne
1764 2811 2062 2884 auribus
2090 2810 2387 2909 quidem
2416 2825 2641 2907 atque-

502 3023 643 3072 Praef.
670 3039 721 3071 11.
757 3022 836 3070 15.
852 3022 1018 3069 -Ad
1038 3037 1145 3080 eos,
1166 3024 1305 3071 velut
1324 3022 1524 3070 simula·

503 3118 615 3159 cra,
638 3117 739 3148 non
758 3102 900 3149 vivos
919 3102 1174 3160 homines,
1188 3102 1254 3148 ob
1277 3100 1526 3149 silentium

503 3180 800 3227 obstinatum
824 3191 872 3228 et
891 3179 1190 3227 immobilem
1215 3194 1527 3236 consessum3

502 3258 871 3306 Drakenborch.
901 3258 1051 3307 Conf.
1070 3256 1313 3305 Plutarch.
1334 3255 1523 3306 camin.

502 3355 553 3402 p.
580 3345 704 3399 1403
723 3339 1030 3396 Zonar.V11,
1053 3336 1148 3394 23;
1169 3336 1313 3382 Oros.
1336 3337 1413 3393 11,
1443 3348 1523 3396 19.

503 3419 656 3465 -Μ,
678 3416 903 3480 Papirius
918 3406 1133 3480 (Μάνιος
1152 3413 1399 3462 Plutarch.
1417 3424 1455 3459 t.
1468 3414 1493 3458 1
1506 3447 1523 3471 ‚

500 3513 554 3561 p.
584 3494 714 3560 140)
740 3494 920 3541 dicitur
948 3493 1094 3540 Gallo
1123 3486 1327 3542 barbam
1351 3507 1521 3547 suam,

499 3588 554 3623 ue
584 3588 683 3624 tum
710 3572 927 3621 omnibus
950 3571 1197 3635 promissa
1225 3582 1332 3617 erat
1371 3568 1525 3634 (nam

498 3653 706 3703 Romani
729 3650 928 3700 barbam
954 3661 1002 3698 et
1025 3649 1257 3715 capillum
1267 3648 1524 3715 promitte-

502 3735 646 3790 bant,
675 3733 726 3781 h.
756 3748 799 3780 c.
825 3746 1041 3779 crescere
1065 3741 1115 3778 et
1141 3728 1417 3794 dependere
1438 3743 1525 3792 pa-

500 3812 763 3870 tiebantur,
782 3822 1014 3874 erantque
1031 3810 1216 3858 intonsi
1227 3844 1242 3868 ‚
1264 3808 1455 3858 barbati
1473 3818 1524 3856 et

501 3890 715 3952 capillati
740 3902 851 3937 ante
878 3900 928 3939 et
951 3888 1016 3938 ad
1040 3904 1119 3938 an.
1147 3889 1268 3937 Urb.
1298 3887 1428 3947 4543
1460 3886 1522 3935 dc

505 3983 606 4030 quo
636 3967 751 4014 vide
781 3968 845 4014 ad
868 3969 1092 4015 Juvenal.
1109 3968 1180 4014 VI
1198 4002 1212 4026 ,
1247 3965 1391 4032 105),
1407 3982 1523 4031 per·

503 4044 756 4098 mulcenti,
788 4056 879 4092 etc.
909 4045 985 4094 Cf.
1009 4048 1185 4095 Zonar.
1209 4057 1259 4095 et
1276 4044 1522 4095 Plutarch.

502 4121 620 4173 loco
643 4136 791 4183 supra
814 4122 982 4169 citato.

955 4217 983 4240 0

1687 3038 1736 3082 7.
1771 3022 1977 3069 Coeteros
2003 3020 2053 3067 in
2080 3020 2270 3069 sedibus
2295 3022 2393 3069 suis
2419 3020 2635 3069 trucida·

1614 3110 1717 3156 tos,
1747 3115 1816 3146 sc.
1845 3099 2044 3158 dicunt,
2065 3099 2260 3147 dicitur.

1602 3223 1609 3236 x
1684 3178 1806 3225 Cu».
1825 3179 1984 3225 XLII.
2001 3194 2043 3224 1.
2067 3177 2302 3226 Caeterum
2317 3195 2402 3226 seu
2417 3193 2514 3225 non
2532 3194 2635 3225 om-

1613 3255 1751 3303 nibus
1777 3255 1953 3315 Gallis,
1977 3257 2161 3321 quippe
2183 3259 2270 3321 qui
2291 3274 2397 3322 cap.
2421 3265 2507 3316 41,
2531 3256 2634 3304 sinc

1614 3334 1717 3391 ira,
1760 3334 1863 3392 sinc
1903 3335 2082 3382 ardore
2125 3337 2399 3386 animorum
2437 3335 2638 3401 ingrcssi

1614 3412 1779 3460 urbem
1797 3414 2044 3463 dicuntur.
2063 3415 2194 3464 Cave
2210 3415 2339 3480 legas
2356 3416 2535 3473 omnis,
2555 3415 2637 3463 vel

1613 3508 1712 3540 non
1732 3493 1950 3541 omuibus
1969 3510 2187 3558 exponas
2203 3494 2365 3542 nullas.
2387 3494 2527 3543 Nihil
2547 3493 2636 3541 im·

1613 3572 1772 3636 pediti
1793 3573 1938 3620 estin
1955 3572 2053 3620 hoe
2072 3572 2202 3621 loco.

1687 3667 1736 3699 a.
1763 3652 1878 3698 Non
1911 3652 2144 3699 mentibus
2173 3652 2330 3699 solum
2360 3666 2465 3699 non
2487 3648 2637 3716 (vide

1613 3730 1676 3778 ad
1697 3732 1722 3777 1
1737 3763 1752 3789 ‚
1780 3738 1880 3789 40,
1899 3746 1949 3777 n.
1984 3730 2041 3795 1)
2064 3729 2337 3793 concipere,
2359 3729 2514 3780 scilic.
2539 3730 2635 3777 cla-

1615 3808 1750 3861 dium
1760 3842 1775 3867 ,
1796 3825 1882 3856 seu
1892 3809 2130 3857 malorum
2143 3808 2544 3872 magnitudinem,
2559 3808 2635 3856 vel

1613 3887 1774 3951 simpl.
1801 3887 2016 3952 cogitare
2039 3887 2163 3951 (nisi
2186 3886 2379 3952 legend.
2396 3897 2636 3951 compotes

1612 3982 1735 4023 esse,
1758 3966 1838 4014 vel
1855 3982 1973 4014 cum
1984 3968 2115 4031 Lips.
2135 3967 2404 4031 consipere,
2425 3978 2510 4015 aut
2525 3981 2645 4013 cum«

1611 4046 1799 4093 Bauero
1819 4045 2124 4112 consistere),
2139 4045 2231 4093 sed
2242 4061 2305 4092 nc
2320 4045 2519 4093 auribus
2535 4043 2647 4109 qui*

1528 4167 1539 4170 ,
1613 4123 1722 4171 dem
1739 4134 1889 4186 atque
1903 4123 2055 4172 oculis
2066 4123 2185 4172 satis
2197 4135 2445 4183 constare,
2467 4139 2643 4174 eorum
