3000 4717
447 387 691 439 A...c3⁸7

445 448 689 488 mm
805 389 994 473 LIB.
1052 406 1139 473 v
1197 405 1405 471 CAP.
1462 405 2102 473 XLVI.XLV11.
2379 387 2555 477 213‘

393 543 654 600 stratus
695 527 990 614 ductUS,
1005 524 1370 595 mandata
1400 527 1754 596 exercitus
1792 524 1963 596 edit.
2005 529 2317 624 Accepto
2349 528 2522 601 inde

371 653 681 713 'senatus
723 639 1052 726 decreto,
1090 623 1173 708 ut
1208 652 1281 708 et
1302 634 1331 678 ⁸
1371 637 1695 708 comitiis
1706 638 1992 708 curiatis
2022 654 2398 711 revocatus
2432 639 2525 711 de

390 752 680 839 exsilio,
714 751 919 847 jussu
946 748 1202 847 populi
1233 747 1578 820 Camillus
1606 748 1914 819 dictator
1943 751 2308 847 extemplo
2332 750 2526 823 dice-

391 871 633 950 retur,
677 861 1086 957 militesque
1122 857 1477 930 haberent
1518 859 2067 956 imperatorem,
2116 883 2339 957 quem
2374 862 2528 931 vel-

389 970 545 1043 lent
559 1027 578 1061 ,
603 970 856 1042 eadem
881 970 1257 1067 degressus
1270 981 1306 1028 9
1322 969 1624 1039 nuntius
1633 972 1851 1041 Veios
1877 969 2288 1041 contendit:
2313 970 2535 1041 missi·

391 1107 535 1178 que
554 1081 861 1153 Ardeam
884 1081 1098 1178 legati
1124 1080 1210 1151 ad
1231 1080 1874 1168 Camillum,Veios
1897 1106 2063 1153 eum
2089 1081 2494 1180 perduxere
2509 1107 2542 1169 3-

391 1217 518 1264 seu
561 1192 803 1290 (quod
835 1193 1060 1289 magis
1094 1191 1388 1263 credere
1425 1191 1647 1280 libet,
1690 1217 1841 1262 non
1885 1194 2085 1289 prius
2122 1190 2531 1290 profectum

392 1301 485 1372 ab
512 1302 784 1391 Ardea,
824 1327 1044 1399 quam
1081 1303 1435 1400 comperit
1460 1300 1694 1397 legem
1727 1300 1982 1386 latam3
2023 1301 2226 1396 quod
2259 1326 2397 1372 nec
2422 1302 2529 1371 in-

387 1400 591 1504 jussu
619 1411 875 1509 populi
899 1414 1164 1483 mutari
1188 1410 1539 1482 finibus¹⁰
1563 1424 1844 1516 posset,
1871 1434 2040 1496 nec,
2059 1411 2195 1479 nisi
2222 1410 2530 1482 dictator

396 1517 672 1609 dictuS,
720 1523 1035 1618 auspicia
1082 1524 1157 1591 in
1204 1522 1525 1592 exercitu
1571 1505 1879 1615 habere)
1916 1519 2034 1590 lex
2079 1522 2349 1592 curiata
2392 1523 2533 1593 lata

395 1646 543 1718 est,
580 1631 1035 1727 dictatorque
1073 1629 1332 1701 absens
1370 1630 1651 1701 dictus.
2198 1651 2203 1656 ·

433 1771 446 1780 ·
490 1746 775 1812 XLVII.
796 1746 990 1810 Dum
1012 1740 1162 1811 haec
1173 1741 1367 1812 Veiis
1387 1739 1812 1839 agebantur,
1837 1740 2129 1810 interim
2146 1766 2274 1810 arx
2289 1745 2534 1811 Romae

395 1851 981 1948 Capitoliumque
998 1861 1019 1891 ¹
1044 1851 1417 1954 intingenti
1437 1850 1763 1948 periculo
1785 1847 1920 1920 fuit
1944 1877 1958 1919 ε
1985 1875 2301 1946 namque
2315 1850 2534 1938 Galli,

393 1986 520 2042 seu
553 1962 856 2059 vestigio
886 1975 1139 2043 notato
1175 1961 1497 2042 humano
1518 2017 1537 2050 ,
1570 1986 1717 2058 qua
1746 1962 2048 2034 nuntius
2086 1962 2336 2031 aVeiis
2367 1986 2532 2057 per·

392 2085 685 2147 venerat
703 2084 759 2162 ²,
798 2098 927 2145 seu
963 2097 1090 2143 sua
1119 2088 1382 2172 sponte
1418 2072 1922 2145 animadverso
1957 2069 2093 2141 ad³
2132 2072 2536 2143 Carmentis

464 2267 511 2315 8.
548 2269 614 2315 Ut
637 2279 687 2314 et
708 2266 879 2333 (quod
901 2279 951 2314 et
967 2268 1098 2315 forte
1116 2264 1413 2333 delendum)
1501 2266 1652 2327 ⁸duces
1670 2267 1778 2331 ipse
1808 2266 1877 2313 ita
1909 2265 2183 2314 accuratius
2209 2251 2440 2329 definith
2467 2265 2537 2312 le-

393 2345 596 2392 comieiis
622 2346 822 2394 curiatis
839 2383 851 2395 .
870 2380 883 2393 .
905 2382 917 2394 .
944 2343 1175 2394 Camillus
1205 2345 1420 2394 dictator

394 2421 634 2469 diceretur
647 2440 664 2469 .·
686 2440 798 2471 nam
815 2425 871 2471 in
886 2424 965 2472 his
990 2426 1203 2473 comitiis
1227 2439 1419 2489 semper

395 2499 459 2545 ad
477 2501 717 2564 populum
746 2502 991 2550 ferebatur
1016 2504 1098 2551 lex
1123 2503 1184 2550 de
1208 2503 1419 2567 imperio

395 2575 593 2626 militari
630 2580 990 2643 magistratibus
1022 2581 1185 2629 dando
1203 2616 1217 2640 ‚
1246 2584 1325 2630 vel
1359 2581 1420 2629 de

395 2668 638 2722 potestate
667 2656 738 2703 rei
760 2658 987 2721 *militaris
1008 2658 1420 2707 administrandae.

396 2736 542 2786 Conf.
565 2753 674 2801 cap.
697 2748 821 2784 extr.
844 2746 893 2783 et
922 2736 984 2783 52
1007 2735 1186 2794 fimvl,
1209 2745 1293 2796 41;
1320 2739 1424 2796 IX,

399 2817 491 2876 383
511 2818 730 2874 XXIII,
768 2824 853 2875 14,
886 2832 936 2862 ιι.
963 2816 1022 2876 3;
1045 2814 1110 2862 ad
1136 2816 1341 2880 XXVI,
1365 2830 1424 2873 ιι,

395 2911 444 2942 ιι.
471 2911 528 2956 23
558 2896 662 2944 Cic.
686 2894 748 2942 de
765 2896 880 2959 Leg.
903 2910 1057 2959 agrar.
1080 2896 1155 2952 11,
1184 2908 1356 2942 10-12.

431 2989 440 2995 ·
470 2990 518 3037 9.
542 2975 732 3022 Eadem
750 2974 829 3023 via
847 2974 1093 3038 degressus
1103 2991 1122 3030 ,·
1145 2973 1277 3020 conf.
1296 2969 1423 3020 Gell.

395 3049 575 3111 XVII,
598 3069 625 3099 2
651 3066 775 3102 extr.
792 3079 864 3090 -—·
881 3052 1151 3117 Comperit,
1177 3051 1271 3116 leg.
1295 3069 1426 3100 com-

391 3130 576 3192 pererit
586 3130 652 3177 ob
670 3133 941 3180 orationem
960 3131 1234 3196 obliquam3
1254 3133 1425 3179 Bauer.

475 3221 555 3254 10.
579 3209 984 3276 Matarifiuibus,
1009 3222 1065 3257 ut
1083 3209 1271 3258 mutari
1285 3207 1422 3266 Ioco',

399 3287 454 3332 in
469 3285 620 3332 alium
634 3286 800 3333 locum
818 3290 1088 3347 transferri,
1111 3275 1222 3337 euni
1238 3299 1426 3336 mutare

404 3361 616 3432 (confer‘
631 3364 854 3411 Gronov.
890 3366 1280 3432 Obss.111‚1);
1309 3367 1361 3414 h.
1387 3366 1422 3415 1.

399 3426 565 3489 locum
587 3441 743 3489 exsilii
769 3453 985 3503 mutare,
1007 3459 1092 3491 seu
1111 3445 1228 3493 inde
1246 3445 1422 3494 redire.

401 3518 602 3570 -Νοιι
626 3520 742 3568 satis
767 3522 1056 3585 perspicuus
1077 3533 1151 3569 est
1172 3523 1317 3583 hujus
1338 3539 1426 3587 pe-

396 3598 532 3647 nodi
542 3614 745 3659 sensus,
768 3613 915 3662 quem
934 3599 1080 3663 plane
1101 3615 1205 3647 non
1226 3617 1278 3647 se
1299 3617 1426 3649 aase-

403 3678 489 3742 qui
507 3675 770 3741 profitetur
787 3677 1041 3734 Duker-ua,
1059 3693 1152 3724 nec
1171 3679 1427 3742 quisquam

401 3754 987 3821 explicuit.—Auspicia
1015 3755 1260 3812 habere,
1241 3773 1323 3816 jus
1348 3773 1429 3804 au-

400 3835 555 3901 spicia
573 3834 798 3899 capiendi
810 3868 825 3893 ,
842 3834 1064 3897 adeoque
1084 3849 1326 3882 summum
1342 3837 1433 3883 im-

400 3915 608 3980 perium.
631 3914 760 3962 Nam
789 3913 895 3961 duz-
923 3925 972 3962 et
1005 3913 1287 3977 imper-acor,
1318 3915 1429 3978 gall.

403 3992 534 4059 chef,
559 4009 645 4041 seu
661 3991 867 4058 ge'ndral
890 4008 947 4038 en
971 3991 1103 4057 chef,
1127 3994 1329 4057 proprie
1356 3993 1430 4040 di-

404 4072 531 4120 eitur
545 4072 615 4130 is,
636 4072 723 4136 qui
743 4072 890 4119 duem
918 4082 966 4118 et
990 4071 1210 4135 auspicio
1237 4089 1326 4119 suo
1355 4089 1431 4119 res

400 4151 532 4217 ger-ie
555 4151 718 4218 (unde
740 4151 906 4204 Livius
928 4152 979 4200 X
995 4185 1010 4212 ,
1034 4166 1082 4213 7,
1101 4168 1153 4200 n.
1184 4153 1234 4214 8,
1257 4167 1431 4201 vocem

1508 2346 1606 2409 gati
1629 2361 1750 2394 vero
1772 2346 1851 2393 vel
1874 2344 2061 2414 tribuni
2087 2355 2137 2392 et
2162 2344 2379 2408 magistri
2400 2343 2537 2408 equi·-

1507 2419 1631 2473 tum'
1647 2427 1734 2473 sub
1771 2425 1919 2471 ductu
1956 2436 2007 2471 et
2035 2424 2254 2487 auspicio
2289 2424 2540 2470 consulum

1509 2504 1909 2566 dictatorumque·
1928 2509 1935 2520 ¹
1953 2518 2028 2550 res
2068 2518 2239 2568 gerere
2291 2502 2538 2550 (ficantur.

1509 2583 1879 2647 Nonnunquam
1901 2593 2063 2631 tamen
2083 2594 2132 2630 et
2151 2581 2206 2629 ht
2228 2583 2541 2646 imperatores

1512 2659 1833 2725 appellantur,
1851 2661 2007 2725 iisque
2028 2660 2199 2707 ductus
2213 2672 2261 2707 ee
2273 2660 2543 2724 auspicium

1504 2739 1797 2785 ‘tribuuntur
1815 2739 1883 2803 (v.
1900 2738 1964 2785 ad
1977 2737 2128 2796 VIII,
2151 2740 2179 2785 3
2191 2755 2207 2784 ι
2220 2774 2233 2797 ,
2247 2755 2298 2785 ιι.
2320 2756 2340 2785 1
2358 2742 2516 2797 30V111
2528 2775 2548 2800 ,

1522 2815 1681 2875 33,”ιί.’
1708 2817 1767 2877 8;
1790 2827 1838 2863 et
1856 2817 2114 2873 XXVIII,
2145 2816 2209 2863 38
2234 2816 2363 2880 pr.):
2385 2819 2540 2882 impe-

1519 2905 1734 2941 ratorum
1761 2910 1879 2942 vero
1906 2906 2127 2957 tempore
2150 2893 2211 2939 iis
2238 2894 2353 2941 solis
2380 2897 2543 2959 auspi-

1514 2972 1618 3029 cia,
1644 2982 1692 3019 et
1710 2972 1882 3038 legatis
1903 2973 1981 3019 vel
2004 2971 2214 3019 ducibus
2235 2987 2430 3031 eorum,
2451 2975 2543 3022 suh

1514 3051 1760 3101 Caesarum
1780 3052 2011 3116 auspiciis
2029 3059 2106 3098 re's
2126 3051 2405 3114 gerentibus
2417 3086 2430 3109 ,
2453 3053 2543 3100 du·

1516 3142 1634 3178 ctus.
1657 3132 1806 3179 Conf.
1821 3131 2051 3178 XXVIII
2065 3163 2078 3188 ‚
2099 3145 2179 3187 12,
2199 3146 2248 3177 n.
2267 3145 2321 3189 7;
2342 3130 2405 3177 ad
2419 3128 2541 3179 Tac.

1517 3211 1749 3267 Ann.II‚
1781 3210 1868 3268 18,
1894 3226 1944 3256 ιι.
1975 3225 2035 3267 2;
2065 3211 2216 3268 xJ11,
2240 3210 2298 3268 6,
2325 3226 2375 3256 n.
2398 3226 2463 3269 23
2493 3222 2544 3259 et

1515 3289 1808 3356 Saea-Aug.
1839 3304 1899 3335 21
1932 3304 2008 3353 pr.
2045 3288 2287 3336 Caeterum
2316 3290 2544 3352 auspiciis

1516 3368 1662 3415 etiam
1687 3367 1867 3430 populi
1895 3365 2091 3413 romani
2117 3383 2194 3414 res
2228 3378 2334 3415 acta
2365 3366 2546 3416 dieitur

1513 3447 1693 3503 XXX,
1720 3453 1781 3501 14
1794 3481 1808 3505 ,
1828 3459 1878 3492 n.
1904 3447 1959 3504 63
1982 3445 2215 3509 quoniam
2232 3445 2447 3510 populus
2466 3462 2545 3494 ro-

1514 3539 1686 3571 manus
1716 3523 1799 3571 dat
1827 3525 2044 3589 auspicia
2069 3526 2150 3572 vel
2177 3541 2421 3573 summum
2449 3526 2542 3573 im-

1516 3604 1706 3665 perium
1731 3602 1839 3665 lege
1861 3604 2065 3650 curiatass

1587 3680 1709 3728 Ου’.
1732 3681 1939 3727 XLVII.
1967 3697 2011 3727 1.
2034 3683 2148 3726 Arx
2166 3682 2332 3729 Romae
2353 3682 2545 3746 Capito-

1519 3758 1756 3821 liumque,
1778 3756 1894 3804 vide
1915 3757 1978 3805 ad
1998 3760 2055 3814 I,·
2073 3758 2103 3804 5
2109 3758 2163 3815 5,
2175 3771 2227 3805 n.
2248 3759 2297 3805 6.

1589 3852 1637 3883 α.
1664 3836 1776 3896 Qua
1803 3834 2005 3899 (parte,
2036 3851 2124 3882 seu
2152 3836 2266 3902 via)
2297 3839 2491 3888 nuntius
2511 3859 2545 3888 a

1522 3913 1648 3962 Veiis
1659 3911 1970 3976 pervenerat,
1993 3914 2108 3960 vide
2128 3930 2235 3978 cap.
2259 3918 2342 3970 46.
2365 3918 2547 3968 Confer

1517 3992 1726 4041 Diodor.
1748 3992 1783 4039 l.
1808 3994 1950 4051 XIV,
1968 4009 2020 4056 p.
2048 3993 2167 4048 455.

1594 4074 1640 4120 3.
1670 4071 2022 4120 Animadversa
2049 4072 2125 4119 ad
2144 4072 2435 4134 Carmentis,
2459 4091 2547 4126 seu

1521 4152 1817 4229 Carmentae,
1846 4150 2034 4202 seilicet
2057 4151 2212 4203 aedem
2239 4153 2383 4221 (vide
2406 4155 2469 4203 ad
2495 4156 2551 4215 1,
