3000 4717
508 333 878 449 θῖὲῑὲἓξῖέἕὲῑ
935 355 1127 422 ΜΒ.
1178 356 1265 422 v.
1319 353 1533 420 cAP.
1590 352 1798 421 XVI.
1854 354 2110 420 xvn.
2426 348 2555 423 155

453 477 596 550 fata
623 491 696 547 et
721 475 895 547 deos
920 472 1375 572 spectabant,
1402 497 1629 571 quum
1658 471 1870 570 legati
1901 471 1991 542 ab
2024 471 2323 568 Delphis
2351 495 2560 545 vene—

451 600 629 658 runt
640 641 659 675 ‚
675 601 950 658 sortem
961 584 1232 656 oraculi
1246 581 1625 655 afferentes
1637 637 1656 671 ‚
1676 595 2195 680 congruentem
2211 605 2562 680 responso

451 697 714 794 captivi
736 697 934 766 vatis.
964 724 997 761 «
1015 700 1331 766 Romane
1344 750 1364 783 ‚
1383 717 1649 792 aquam
1668 692 1999 765 albanam
2021 715 2189 764 cave
2214 692 2377 762 lacu
2399 718 2562 764 con·

450 836 486 873 α
528 806 776 894 timeri,
819 829 989 876 cave
1040 806 1117 874 in
1164 828 1361 875 mare
1413 828 1709 876 manare
1760 826 1894 875 suo
1941 801 2242 888 flumine
2270 798 2299 847 ⁵
2341 803 2564 891 sinas3

453 947 489 982 α
532 917 863 987 emissam
893 940 1026 1013 per
1051 939 1260 1013 agros
1291 912 1628 1013 rigabis⁶‚
1662 913 2217 1011 dissipatamque
2247 912 2416 981 rivis
2451 936 2568 982 ex-

451 1054 488 1091 «
525 1028 866 1124 stingues.
896 1030 1080 1097 Tum
1113 1041 1193 1098 tu
1224 1027 1471 1103 insiste
1508 1026 1741 1107 audax
1776 1024 2095 1097 hostium
2124 1023 2382 1110 muris3
2410 1045 2567 1092 me-

450 1162 488 1198 «
516 1156 709 1223 mor,
744 1158 964 1230 quam
993 1159 1125 1233 per
1154 1150 1266 1208 tot
1291 1161 1522 1207 annos
1553 1134 1841 1207 obsides
1868 1133 2125 1206 urbem
2143 1187 2163 1221 ‚
2197 1142 2294 1204 ex'
2324 1157 2407 1203 ea
2438 1130 2569 1202 tibi

454 1270 490 1307 α
532 1242 644 1314 his
664 1298 683 1330 ‚
724 1269 887 1342 quae
934 1270 1132 1317 nunc
1179 1247 1634 1343 panduntur,
1680 1244 1840 1316 fatis
1888 1246 2259 1321 victoriam
2307 1245 2563 1315 datam.

449 1382 488 1418 κ
525 1353 722 1426 Bello
768 1352 1088 1450 perfecto
1104 1411 1123 1445 ,
1156 1355 1438 1426 donum
1469 1356 1790 1453 amplum
1816 1353 2045 1429 victor
2072 1353 2161 1424 ad
2186 1376 2346 1423 mea
2382 1368 2568 1425 tem-

452 1493 488 1528 «
528 1463 646 1562 pla
689 1479 977 1563 portato
1009 1492 1026 1534 ε
1059 1488 1406 1560 sacraque
1439 1466 1668 1560 patria
1684 1519 1704 1553 ‚
1741 1488 2056 1561 quorum
2096 1465 2356 1535 omissa
2395 1488 2567 1534 cura

450 1602 487 1637 ε(
528 1586 635 1646 est
656 1628 676 1663 ‚
711 1575 1104 1646 instaurata
1119 1628 1139 1663 ‚
1175 1588 1259 1645 ut
1293 1574 1551 1645 assolet
1568 1629 1588 1663 ‚
1626 1572 1867 1647 facito.
1896 1605 1929 1640 »

546 1688 771 1755 XVII.
812 1689 1077 1780 Ingens
1097 1694 1121 1735 ³
1159 1682 1330 1755 ind-e
1370 1681 1623 1761 haberi
1658 1686 1982 1781 captivus
2017 1699 2211 1755 vates
2248 1698 2566 1781 coeptuS‚

451 1817 766 1890 eumque
816 1790 1155 1865 adhibere
1207 1792 1480 1866 tribuni
1527 1794 1837 1865 militum
1885 1795 2261 1869 Cornelius
2312 1798 2570 1864 Postu-

450 1902 782 2000 miusque
807 1902 897 1974 ad
923 1902 1234 2001 prodigii
1260 1904 1497 1976 albani
1525 1906 2108 2002 procurationem
2126 1928 2208 1975 ac
2234 1903 2409 1975 deos
2430 1907 2568 1977 rite

447 2011 839 2111 placandos
869 2036 1175 2113 coepere.
1203 2018 1738 2113 Inventumque
1765 2013 2057 2085 tandem
2085 2027 2228 2103 est,
2257 2012 2430 2091 ubi²
2451 2038 2570 2085 ne-

443 2120 710 2217 glectas
747 2124 1189 2198 ceremonias
1230 2125 1805 2197 intermissumve
1842 2124 2144 2198 solenne
2170 2122 2276 2195 dii
2306 2147 2560 2222 argue-

445 2244 652 2321 rent;
695 2232 875 2304 nihil
927 2232 1256 2331 profecto
1310 2236 1507 2307 aliud
1560 2261 1711 2308 esse
1729 2290 1749 2325 ,
1802 2259 2026 2334 quam
2076 2235 2564 2333 magistratuS,

445 2341 622 2412 vitio
640 2357 915 2415 creatos
931 2398 952 2433 ,
978 2345 1264 2419 Latinas
1288 2370 1717 2443 sacrumque
1743 2346 1822 2419 in
1846 2343 2128 2421 Albano
2146 2357 2397 2417 monte
2416 2367 2567 2444 non

448 2450 584 2520 rite
621 2456 1034 2549 concepisse
1055 2451 1110 2524 3.
1147 2459 1382 2526 Unam
1420 2457 1916 2553 expiationem,
1937 2479 2190 2528 eorum
2228 2476 2382 2527 esse
2399 2456 2456 2542 ⁴,
2488 2466 2570 2523 ut

448 2557 724 2630 tribuni
753 2563 1062 2632 militum
1098 2562 1517 2637 abdicarent
1545 2591 1619 2639 se
1646 2568 2100 2665 magistratu,
2137 2565 2451 2664 auspicia
2478 2560 2570 2633 de

445 2669 731 2768 integro
766 2686 1301 2769 repeterentur,
1343 2689 1419 2747 et
1451 2677 1948 2774 interregnum
1977 2679 2305 2749 iniretur.
2342 2679 2443 2745 Ea
2467 2675 2566 2745 ita

519 2850 568 2898 5.
593 2852 803 2899 Manat-e
824 2851 1156 2921 suoflumine,
1186 2868 1318 2912 non,
1346 2870 1463 2919 pro-

446 2930 557 2994 prIo
573 2927 750 2992 fluvio,
772 2931 827 2979 in
844 2947 987 2995 quem
1007 2931 1140 2983 lacus
1165 2932 1348 2980 effusus
1373 2933 1464 2992 sit,

446 3008 535 3055 md
552 3025 696 3058 cursu
713 3027 857 3074 quem
874 3027 1000 3075 aqua
1018 3012 1268 3076 superfusa
1287 3023 1464 3077 sponte

447 3102 536 3149 per
548 3087 752 3137 declivia
764 3090 817 3139 in
829 3107 961 3141 mre
976 3091 1300 3156 persequitur,
1313 3093 1462 3140 Doer.

519 3166 569 3212 6.
596 3167 834 3218 Emissam
853 3185 948 3233 per
971 3187 1116 3236 agros
1141 3170 1350 3236 akobis,
1379 3170 1465 3219 de-

452 3239 598 3288 duces
610 3276 625 3301 ‚
645 3260 730 3293 seu
746 3246 947 3296 diduces
961 3246 1081 3316 (per
1094 3249 1258 3316 rivos)
1279 3261 1336 3298 ut
1351 3265 1462 3314 pas·

448 3319 543 3367 sim
558 3332 607 3369 et
619 3322 783 3371 forsan
797 3341 968 3391 propr.
987 3327 1148 3393 rigare
1163 3341 1213 3377 et
1230 3328 1434 3393 int'gure
1443 3363 1459 3385 ,

449 3415 499 3447 v.
516 3414 558 3446 c.
572 3400 705 3464 apud
721 3402 958 3463 minxi,
974 3406 1461 3469 37‚sm69;Caton.

450 3479 511 3526 lt.
538 3480 618 3539 R..
640 3479 705 3526 36
738 3491 788 3527 et
819 3481 946 3541 1513
971 3484 1108 3551 Vix-g.
1138 3488 1199 3534 G.
1224 3488 1316 3545 IV,
1345 3488 1463 3535 115.

451 3557 687 3619 Quaedmn
721 3558 830 3606 haec
858 3560 988 3610 dicta
1009 3574 1185 3626 putant
1208 3579 1301 3628 pro
1329 3566 1462 3630 vulg.

449 3635 622 3684 emissa
630 3652 726 3701 per
734 3653 879 3703 agros
896 3639 1075 3704 rigabis
1085 3675 1101 3700 ,
1122 3642 1305 3691 scilieet
1321 3659 1463 3708 agros

449 3712 526 3777 (ut
552 3732 696 3764 sacra
722 3717 864 3765 litare
884 3735 979 3784 pro
1009 3719 1162 3768 sacris
1181 3719 1238 3785 1.)
1251 3755 1269 3778 ,
1292 3721 1373 3769 vel
1390 3723 1461 3771 ita

447 3791 705 3857 legendum
730 3812 841 3845 eum
866 3798 958 3846 MS
982 3799 1126 3846 Voss.
1146 3815 1222 3863 pr.
1239 3801 1462 3849 Muretus

448 3873 638 3920 emend.
658 3874 919 3933 derivabis,
942 3887 1028 3926 ant
1044 3878 1217 3926 emissa
1234 3894 1378 3943 agros
1394 3880 1462 3928 η’-

442 3951 601 4013 gabis.

518 4028 639 4077 Cu.
660 4034 827 4082 xvn.
855 4048 898 4081 1.
925 4037 1130 4100 Ingens,
1173 4035 1250 4083 vir
1271 4052 1459 4101 magne

448 4109 779 4175 auctoritatum
799 4114 969 4164 confer
988 4114 1052 4164 ad
1073 4117 1165 4178 IV,
1192 4115 1251 4176 6,
1275 4133 1325 4165 n.
1354 4124 1401 4173 4.

1623 2870 1673 2902 2.
1698 2856 1814 2911 Ubi,
1835 2856 2035 2919 inquo,
2053 2854 2571 2920 quainre,neglectas

1550 2932 1846 2981 ceremonias
1876 2932 2247 2981 inoenniuumoe
2276 2933 2472 2980 solenne
2494 2947 2571 2979 sa-

1551 3028 1688 3060 crum
1700 3011 1787 3060 Dia·
1796 3023 2057 3078 arguet-ent
2066 3046 2082 3070 ‚
2104 3011 2371 3077 Delphicus
2385 3010 2571 3075 Apollo

1551 3093 1751 3156 ejusque
1772 3102 1908 3141 vates
1932 3090 2080 3158 (vide
2104 3107 2211 3157 esp.
2239 3091 2301 3139 16
2326 3088 2572 3154 ηιμ),ἰά

1549 3171 1698 3230 nihil,
1726 3183 1822 3221 etc.
1846 3172 2033 3223 Confer
2056 3172 2121 3222 sd
2138 3174 2229 3232 IV,
2257 3172 2351 3230 30,
2376 3187 2427 3221 n.
2446 3170 2496 3218 6.

1626 3253 1672 3300 3.
1693 3251 1897 3300 Lanita-c
1916 3250 2109 3318 (ferias)
2124 3267 2411 3316 sacrumque
2428 3251 2481 3315 (J
2481 3250 2569 3298 ovi

1549 3330 1727 3378 Latiari
1756 3329 2068 3396 faciendum)
2123 3331 2172 3379 in
2198 3331 2380 3380 albano
2411 3340 2577 3377 monte

1549 3425 1647 3458 non
1668 3410 1760 3458 rite
1783 3410 2077 3475 concepisse,
2102 3410 2166 3459 ad
2190 3409 2422 3458 fomulss
2448 3423 2566 3455 con-

1550 3500 1717 3554 ceptas
1728 3489 1997 3541 instituisse
2008 3524 2024 3550 ,
2041 3490 2120 3538 vel
2138 3488 2391 3552 conceptis
2408 3485 2578 3534 verbis

1551 3568 1775 3617 edixisse.
1798 3568 1926 3617 Nam
1939 3569 2122 3618 Latine
2143 3584 2247 3616 non
2273 3575 2411 3615 erant
2434 3565 2568 3612 ferie

1551 3658 1713 3707 mtae,
1736 3647 1825 3695 sed
1848 3647 2162 3710 cenapum,
2194 3646 2293 3693 hoc
2315 3655 2420 3702 est,
2451 3659 2571 3707 qua-

1547 3740 1658 3773 rum
1683 3725 1789 3773 dies
1810 3741 1840 3772 a
1874 3724 2156 3772 consulibus
2190 3721 2570 3781 definiebant-n,

1549 3803 1882 3855 edicebautur.
1906 3802 2089 3851 Confer
2112 3801 2179 3850 sd
2204 3804 2256 3859 1,
2284 3801 2381 3861 45,
2402 3818 2454 3849 n.
2482 3818 2531 3849 2.

1622 3890 1672 3938 4.
1704 3885 1863 3929 Unam
1887 3880 2217 3946 expiationem
2247 3896 2413 3929 eorum
2436 3896 2565 3938 esse,

1547 3972 1646 4010 etc.
1681 3960 1869 4009 Eodem
1892 3971 2111 4025 spectare
2136 3960 2363 4009 videmnu-
2386 3961 2535 4009 verba
2551 3993 2567 4018 ,

1548 4051 1604 4087 ut
1618 4051 1963 4089 renovarentur
1976 4036 2197 4104 auspicia
2207 4074 2223 4097 ,
2246 4054 2320 4088 res
2332 4040 2406 4087 ad
2420 4039 2565 4087 inter-

1544 4118 2362 4185 regnumreda'it,infi·avl,5‚n.
2401 4118 2452 4168 5.
2480 4116 2560 4165 Ab
