3000 4717
433 387 677 504 ῢῖἓῑέζζῑ
727 413 1052 481 LIBER
1100 413 1325 481 v111.
1391 411 1608 480 CAP.
1674 414 1919 481 xxv.
1979 414 2263 481 xxvl.
2326 412 2503 509 -487

383 543 649 609 moem‘a
696 540 1035 607 statuesse.
1095 538 1205 606 Eo
1232 536 1451 624 sacto
1495 552 1732 606 utrum
1778 534 1878 603 ab
1913 558 1990 604 se
2023 525 2370 632 proditaJ
2409 562 2507 607 an

381 661 664 717 servata
677 699 697 732 ‚
709 651 961 742 patria
983 645 1354 732 videatur,
1382 653 1458 717 in
1466 645 1634 744 fide
1656 667 1964 714 romana
1976 651 2306 742 positum
2335 671 2504 718 esse.

384 756 537 826 Sthe·
559 764 892 855 privatim
928 777 1062 828 nec
1083 762 1367 854 pacisci
1401 757 1837 855 quidquam,
1874 779 2006 826 nec
2026 769 2282 853 petere
2312 781 2332 825 .·
2362 781 2510 852 pu·-

387 865 570 937 blice
609 884 857 964 petere
872 920 895 953 ‚
941 891 1166 964 quam
1197 872 1476 965 pacisci
1519 872 1777 961 mages,
1835 878 1950 951 ut,
1989 870 2053 935 si
2087 872 2521 936 successisset

390 983 750 1075 inceptum
769 973 826 1064 ⁶,
891 984 1230 1075 cogitaret
1265 977 1587 1075 populus
1628 997 2005 1057 romanus,
2060 978 2311 1070 potius
2346 991 2510 1041 cum

382 1104 651 1185 quanto
680 1089 924 1159 studio
943 1087 1417 1187 periculoque
1443 1088 1752 1158 reditum
1782 1090 1855 1155 in
1875 1089 2269 1156 amicitiam
2300 1103 2509 1154 suam

384 1213 595 1283 esset,
633 1221 857 1295 quam
898 1219 1046 1295 qua
1084 1199 1376 1269 stultitia
1418 1216 1491 1270 et
1527 1200 1920 1268 temeritate
1969 1195 2062 1265 de
2100 1196 2345 1289 officio
2382 1193 2512 1262 de·-

385 1329 671 1379 cessum.
708 1303 1172 1381 collaudatus
1202 1308 1294 1380 ab
1315 1311 1784 1408 imperatore,
1809 1308 1942 1377 tria
1957 1305 2178 1375 millia
2202 1305 2511 1374 militum

385 1416 477 1487 ad
529 1415 1026 1515 occupandam
1081 1435 1240 1489 eam
1283 1432 1562 1515 partem
1618 1413 1858 1502 urbiS,
1899 1439 2119 1512 quam
2161 1417 2512 1487 Samnites

384 1526 843 1616 insidebant,
884 1528 1197 1625 accepit.
1236 1528 1571 1625 praesidio
1597 1528 1664 1597 ei
1693 1531 1775 1597 L.
1809 1527 2151 1615 Quintius
2174 1524 2514 1596 tribunus

385 1631 698 1706 militum
737 1640 1189 1735 praepositus.

478 1749 729 1819 XXVI.
751 1747 1028 1819 Eodem
1050 1761 1382 1846 tempore
1403 1763 1474 1819 et
1495 1748 1904 1845 Nymphius
1921 1760 2305 1844 praetorem
2327 1751 2514 1817 Sam-

386 1855 649 1924 uitium
678 1870 828 1927 arte
854 1879 1224 1954 aggressus
1264 1858 1715 1955 perpulerat,
1743 1872 1857 1946 ut,
1894 1859 2242 1955 quoniam
2274 1857 2513 1926 omnis
2537 1905 2544 1912 -

386 1985 731 2037 romanus
749 1969 1107 2038 exercitus
1121 2022 1140 2053 ,
1165 1983 1291 2039 aut
1308 1970 1494 2039 circa
1508 1967 1918 2065 Palaepolim
1934 2022 1952 2052 ‚
1987 1982 2109 2038 aut
2127 1969 2204 2037 in
2222 1966 2513 2038 Samnio

388 2089 572 2146 esset
588 2130 606 2163 ‚
631 2077 897 2146 sineret
921 2099 996 2148 se
1021 2077 1242 2148 classe
1261 2073 1704 2149 circumvehi
1727 2077 1814 2147 ad
1832 2099 2217 2148 romanum
2237 2095 2512 2172 agrum,

388 2207 538 2254 non
571 2207 772 2257 oram
812 2188 1034 2259 modo
1070 2189 1325 2276 maris,
1364 2188 1491 2258 sed
1530 2189 1668 2283 ipsi
1704 2186 1872 2257 urbi
1907 2187 2319 2284 propinqua
2356 2185 2512 2255 loca

388 2292 1020 2391 depopulaturum.
1044 2297 1182 2368 Sed
1197 2353 1215 2386 ,
1235 2311 1316 2367 ut
1336 2295 1614 2368 falleret
1630 2352 1649 2384 ‚
1669 2309 1884 2367 nocte
1905 2295 2327 2394 proficiscen
2336 2294 2513 2365 dum

359 2427 576 2491 esse,
608 2403 1121 2504 extemploque
1147 2429 1368 2478 naves
1396 2407 1857 2479 deducendas
1880 2417 1900 2450 ¹
1931 2433 1946 2476 t
1979 2406 2180 2503 quod
2208 2429 2358 2503 quo
2381 2430 2517 2476 ma·

387 2513 619 2581 turius
655 2512 899 2595 fieret,
942 2518 1179 2586 omnis
1212 2517 1557 2609 juventus
1594 2519 2022 2588 Samnitium
2044 2572 2063 2604 ‚
2095 2530 2351 2614 praeter
2384 2539 2516 2586 ne·

390 2621 774 2690 cessarium
820 2621 1020 2692 urbis
1062 2624 1472 2718 praesidium
1497 2680 1517 2712 ,
1556 2625 1647 2694 ad
1683 2627 1851 2696 litus
1887 2629 2121 2697 missa.
2162 2627 2308 2698 Ubi
2341 2626 2517 2696 dum

390 2727 826 2825 Nymphius,
867 2731 944 2799 in
986 2729 1307 2800 tenebris
1346 2746 1418 2800 et
1454 2733 1922 2803 multitudine
1961 2736 2341 2832 semetipsa
2384 2738 2514 2805 im·

390 2838 730 2937 pediente
752 2895 771 2928 ‚
798 2839 1049 2912 sedulo
1084 2839 1236 2912 aliis
1271 2839 1406 2912 alia
1436 2841 1738 2937 imperia
1772 2841 2074 2915 turbans
2096 2896 2114 2929 ‚
2146 2844 2312 2913 terit
2339 2857 2515 2914 tem-

392 2971 531 3044 pus
554 3003 573 3036 ‚
638 2950 1047 3039 Charilaus»,
1106 2976 1196 3023 ex
1256 2952 1659 3048 composito
1714 2948 1805 3020 ab
1858 2952 2069 3021 sociis
2126 2952 2204 3020 in
2254 2951 2515 3023 urbem

390 3073 729 3155 receptus
747 3116 764 3148 ,
787 3085 1015 3158 quum
1033 3071 1311 3133 summa
1329 3059 1534 3132 urbis
1553 3086 1856 3134 romano
1880 3062 2106 3133 milite
2127 3063 2514 3161 implesset,

390 3165 551 3238 tolli
594 3168 979 3242 clamorem
1000 3173 1207 3265 jussit
1241 3200 1257 3243 z
1303 3171 1393 3243 ad
1427 3196 1647 3269 quem
1681 3175 1948 3260 Graeci,
1981 3175 2187 3270 signo
2222 3189 2516 3271 accepto

392 3303 433 3348 a
461 3279 943 3377 principibus,
984 3284 1343 3377 quievere.
1382 3283 1642 3355 Nolani
1673 3292 1847 3382 per5¹⁸
1888 3307 2203 3355 aversam
2239 3300 2515 3383 partem

462 3460 511 3505 6.
539 3459 593 3505 Si
612 3459 910 3508 successisset
941 3459 1207 3524 ineepemm
1250 3463 1408 3511 Gron.
1495 3458 1679 3524 (Graeci
1723 3468 1963 3517 καθέλκειν
1981 3504 1997 3529 ,
2031 3469 2302 3519 καθελκύειν
2318 3506 2332 3531 ,
2363 3487 2519 3519 κατα.-

390 3537 598 3585 malebat
618 3538 815 3602 inceptis
840 3537 1047 3604 (scillcet
1072 3555 1176 3597 τους
1205 3542 1280 3588 vel
1305 3558 1412 3589 suc·
1498 3532 1658 3613 σπᾷν)
1681 3554 1916 3592 utcontra
1932 3544 2194 3596 subducere
2205 3547 2411 3604 xxm,
2433 3550 2518 3596 289

392 3631 555 3665 cessus
576 3619 908 3684 respondisset
928 3617 1158 3686 inceptis)
1184 3635 1318 3668 more
1338 3622 1413 3667 Li·
1497 3638 1550 3669 n.
1566 3637 1626 3683 23
1657 3623 1859 3681 xx111,
1898 3625 1989 3680 34,
2018 3641 2068 3673 n.
2092 3628 2149 3684 83
2186 3625 2396 3683 XXXI,
2421 3642 2483 3672 22
2507 3661 2520 3683 ,

393 3691 573 3752 vianoz
603 3697 717 3745 vide
741 3701 819 3756 11,
843 3699 909 3754 45
925 3715 939 3757 ;
970 3699 1070 3757 lx,
1107 3699 1193 3757 183
1217 3699 1411 3760 XXIV,
1500 3704 1683 3752 scilicet
1713 3705 1767 3751 in
1791 3705 1909 3756 litus
1943 3696 1964 3763 (
1975 3702 2185 3756 ἀνέλκειν
2204 3741 2219 3768 ,
2252 3704 2481 3773 ἀνασπᾷν
2503 3743 2519 3769 ,

400 3789 490 3836 19,
533 3776 627 3830 38;
665 3777 833 3835 XXV,
863 3777 922 3837 37
948 3792 963 3840 ;
1007 3777 1286 3837 xxxva,
1320 3781 1411 3840 33;
1501 3780 1762 3850 κατάγειν,
1809 3783 1952 3849 ἐρύειν
2001 3784 2064 3843 εἰς
2108 3774 2340 3854 ἤπειρον)
2382 3805 2518 3836 more

393 3855 698 3913 xxxvm,
722 3855 788 3903 25
800 3855 957 3915 ΥΠ,
988 3871 1009 3903 1
1026 3872 1045 3904 t
1066 3874 1080 3916 3
1103 3868 1153 3905 et
1176 3853 1239 3904 ad
1256 3857 1410 3917 XXI,
1500 3871 1719 3910 veterum
1744 3862 1859 3908 satis
1883 3875 2020 3912 noto.

399 3947 449 3993 7,
466 3949 518 3980 n.
539 3940 587 3989 4.
606 3934 701 3981 Sed
720 3935 889 3982 confer
901 3936 1046 3983 etiam
1063 3937 1270 3985 xxnl
1286 3971 1300 3995 ,
1324 3952 1344 3982 1
1357 3939 1411 3996 83
1573 3954 1621 3985 α.
1647 3940 1743 3985 Per
1765 3943 1981 3988 aversam
1999 3953 2191 4007 partem
2220 3940 2374 3998 urbis,
2405 3942 2518 3990 vide

398 4015 652 4069 xxxm,
679 4015 706 4061 5
725 4031 739 4073 ;
763 4016 902 4062 XLII
919 4049 934 4073 ,
963 4015 1045 4063 58.
1503 4013 1567 4076 V,
1583 4031 1676 4077 29,
1695 4034 1745 4063 n.
1765 4013 2148 4068 1.—Adversam
2162 4015 2270 4081 alii3
2288 4020 2373 4068 sed
2391 4038 2521 4069 aver-

470 4092 591 4141 Ου’.
618 4087 809 4141 xxvl.
845 4110 884 4140 1.
905 4095 1258 4159 Extemploque
1273 4111 1416 4142 naves
1503 4112 1581 4142 sus
1603 4106 1652 4142 et
1674 4096 1897 4146 adversus
1924 4099 2114 4147 solenni
2141 4116 2306 4148 errore
2324 4118 2516 4166 permw

402 4169 707 4218 deducendas
742 4171 887 4220 litore
928 4184 976 4220 et
1009 4186 1160 4237 portu
1194 4175 1245 4221 in
1285 4191 1417 4222 mare
1505 4174 1599 4221 tari
1616 4175 1920 4236 monuimus,
1938 4179 2058 4226 VIII
2074 4213 2088 4238 ,
2116 4180 2143 4226 3
2165 4197 2242 4245 pr.
2266 4181 2356 4227 En.
