3000 4717
442 352 493 390 A.
513 349 561 390 G.
589 350 682 402 393.

434 410 558 451 uc.
589 413 681 463 359.
894 370 1208 438 LIBER
1257 368 1339 438 V.
1392 367 1605 438 CAP.
1651 369 1950 437 XXIII.

376 492 630 590 praedae
651 500 963 590 partem⁷
994 514 1221 588 quum
1249 489 1517 562 diceret
1545 490 1915 576 Camillus,
1945 486 2321 586 pontifices
2351 489 2487 559 sol·

374 602 694 674 vendam
735 602 1081 700 religione
1133 597 1533 699 populum⁸
1577 615 1988 689 censerent,
2046 599 2239 669 haud
2286 597 2492 670 facile

374 711 692 781 inibatur
733 713 914 781 ratio
948 710 1253 805 jubendi
1296 709 1564 783 referre
1609 710 1920 809 praedam
1961 709 2350 807 populum,
2407 723 2492 779 ut

375 846 464 893 ex
494 846 575 892 ea
602 844 765 918 pars
798 821 1035 893 debita
1063 825 1140 893 in
1171 847 1450 894 sacrum
1483 836 2014 909 secerneretur-3
2047 820 2489 907 tandem‘eo‚

373 933 574 1031 quod
609 934 1045 1004 levissimum
1093 934 1470 1006 videbatur
1495 990 1516 1023 ,
1561 934 1944 1005 decursum
1991 945 2139 1019 est,
2192 944 2307 1016 ut,
2366 930 2492 1025 qui

371 1068 446 1115 se
483 1043 926 1142 domumque
961 1045 1309 1142 religione
1346 1046 1718 1116 exsolvere
1753 1045 2006 1132 vellet,
2050 1066 2280 1141 quum
2318 1039 2492 1111 sibi-

370 1167 519 1223 met
553 1155 705 1250 ipse
741 1154 1054 1252 praedam
1089 1156 1498 1245 aestimasset
1534 1179 1774 1243 suam,
1811 1154 2133 1226 decumae
2177 1153 2489 1251 pretium

370 1265 589 1360 partis
607 1266 682 1335 in
704 1265 1078 1363 publicum
1107 1265 1495 1352 deferret93
1527 1281 1609 1335 ut
1638 1290 1726 1335 ex
1752 1290 1839 1335 eo
1861 1263 2137 1334 donum
2160 1286 2457 1333 aureum
2472 1315 2491 1345 ,

370 1373 668 1471 dignum
690 1377 1160 1475 amplitudine
1186 1377 1541 1473 templum
1559 1399 1640 1446 ac
1661 1375 1961 1445 numine
1975 1375 2145 1462 Dei,
2165 1399 2255 1442 ex
2276 1372 2497 1468 digni·

369 1499 513 1556 tate
562 1488 815 1584 populi
854 1488 1135 1557 romani
1168 1486 1397 1557 fieret.
1440 1490 1540 1556 Ea
1588 1508 1882 1580 quoque
1921 1482 2210 1553 collatio
2253 1480 2487 1579 plebis

368 1596 646 1667 animos
676 1622 719 1667 a
755 1598 1057 1667 Camillo
1103 1596 1457 1666 alienavit.
1497 1600 1697 1665 Inter
1723 1595 1876 1664 haec
1906 1592 2358 1692 pacificatum
2388 1591 2495 1661 le-

367 1704 513 1798 gati
544 1729 586 1773 a
609 1705 885 1776 Volscis
923 1719 995 1776 et
1033 1706 1277 1801 AEquis
1309 1720 1664 1777 venerunt
1695 1732 1711 1773 ε
1753 1707 2283 1807 impetrataque
2317 1726 2491 1800 pax,

365 1816 588 1912 magis
622 1830 704 1886 ut
737 1814 914 1888 fessa
956 1832 1104 1887 tam
1142 1816 1423 1888 diutino
1458 1816 1655 1889 bello
1693 1818 2182 1914 acquiesceret
2211 1815 2492 1899 civitaS‚
2532 1900 2539 1911 .

366 1950 587 2021 quam
625 1928 827 2024 quod
863 1929 1062 2026 digni
1098 1942 1430 2027 peterent
1451 1941 1523 1997 ¹⁰.

2354 338 2489 462 169

363 2134 429 2187 48
451 2144 575 2182 extr.
602 2145 654 2181 et
679 2134 926 2192 XXXIV,
956 2132 1057 2200 6),
1083 2150 1112 2182 a
1135 2134 1385 2200 magistra·
1471 2135 1678 2199 praedae,
1691 2150 1974 2184 consecrare
1989 2132 2240 2192 solebant3
2257 2131 2370 2179 vide
2382 2132 2497 2177 Pot-

361 2211 495 2260 tibus
513 2247 529 2271 ,
567 2213 698 2278 inpr.
730 2214 1049 2274 Praetoribus,
1087 2214 1384 2264 Censoribus
1475 2216 1582 2263 terl.
1599 2216 1750 2264 Areh.
1767 2216 1844 2264 ed.
1861 2213 2034 2262 Ramb.
2052 2215 2076 2260 1
2088 2248 2102 2268 ,
2118 2229 2168 2271 2,
2181 2228 2230 2258 ιι.
2250 2220 2358 2274 4,Ρ.
2378 2210 2408 2257 5
2414 2209 2495 2257 52.

361 2291 724 2355 AEdilibusque,
751 2292 933 2350 locari,
964 2294 1044 2341 vel
1063 2294 1384 2360 redemptori-

363 2368 456 2416 bus
478 2368 777 2433 (duumviris
802 2372 866 2419 ad
891 2389 996 2420 eam
1020 2390 1124 2421 rem
1150 2375 1325 2422 creatis
1356 2390 1384 2420 a

360 2460 571 2511 praetore
594 2451 751 2496 XXII
766 2483 781 2508 ‚
809 2449 910 2515 23)
944 2464 1085 2517 pacta
1107 2464 1220 2501 ante
1257 2469 1384 2500 mer-

362 2526 479 2573 cede
496 2526 659 2573 addiei
671 2527 914 2576 solebant:
932 2529 1139 2591 conduci
1151 2546 1265 2577 vero
1277 2565 1291 2588 ,
1306 2531 1384 2578 vel

359 2604 537 2651 redimi
555 2604 662 2652 haee
682 2621 709 2652 a
724 2606 1002 2668 publicanis
1027 2606 1382 2672 (Fermiersge-

360 2681 591 2747 nerauoe),
604 2684 707 2731 sive
720 2684 923 2747 singulis
934 2717 949 2741 ‚
967 2683 1071 2730 sive
1085 2685 1231 2732 sociis
1242 2720 1257 2745 ,
1275 2686 1325 2733 h.
1336 2702 1380 2733 e.

359 2778 526 2809 eorum
538 2754 846 2811 societatibus
866 2760 884 2822 (
893 2762 1064 2811 confer
1084 2764 1265 2810 XXIII
1282 2799 1296 2822 ,
1313 2771 1379 2824 49

357 2851 407 2887 et
428 2843 595 2901 XXV,
616 2840 688 2906 ι),
709 2840 887 2905 quibus
904 2853 1147 2906 praeerant
1164 2842 1383 2906 magistri

358 2920 522 2981 quales
547 2921 693 2968 nobis
727 2920 988 2969 directores
1012 2920 1273 2978 dicuntur;
1296 2921 1381 2969 illa

358 2996 420 3043 ab
450 2998 556 3045 aliis
597 2999 681 3061 qui
710 3015 765 3047 ea
788 2999 1002 3048 curanda
1020 2999 1380 3064 suscipiebant,

358 3085 408 3121 et
420 3076 756 3135 conductores,
770 3079 1094 3143 redemptores
1103 3112 1120 3135 ‚
1133 3079 1379 3143 mancipes

358 3151 793 3222 (Entrepreneurs)
819 3158 1136 3207 vocabantur.
1156 3160 1280 3222 Quae
1301 3174 1378 3206 re-

357 3230 621 3294 dempturoe
637 3224 896 3284 maximam
912 3249 1099 3302 partem
1112 3237 1380 3288 admodum

357 3322 646 3375 quaestuosae
669 3326 822 3363 erant.
839 3316 1021 3364 Confer
1047 3316 1112 3364 ad
1123 3318 1197 3364 VI
1209 3352 1224 3377 ‚
1245 3325 1276 3374 4
1292 3353 1306 3376 ,
1326 3335 1376 3366 ιι.

356 3398 419 3450 43
446 3391 651 3448 XXIII,
680 3394 779 3452 48,
808 3409 859 3441 ιι.
891 3395 952 3454 83
985 3397 1180 3454 XXIV,
1210 3399 1304 3455 18,
1326 3415 1377 3445 ιι.

357 3485 406 3529 7,
431 3471 488 3528 83
520 3471 887 3531 xxxlx,45‚
914 3489 965 3519 ιι.
986 3474 1047 3531 6;
1070 3474 1132 3521 ad
1156 3477 1380 3523 Juvenal.

353 3549 457 3607 111,
482 3548 541 3595 31
561 3564 663 3610 seq.
684 3551 857 3597 etTac.
869 3551 1001 3598 Ann.
1014 3552 1237 3612 1v‚6‚n.
1249 3554 1298 3601 6.
1314 3581 1384 3590 —

350 3628 700 3692 Dedicavitque
718 3628 863 3694 (vide
877 3629 939 3676 ad
952 3632 976 3676 I
989 3663 1003 3687 ,
1023 3629 1052 3683 5
1058 3630 1105 3687 5,
1119 3646 1169 3676 ιι.
1189 3632 1258 3696 3),
1277 3632 1381 3681 scil.

351 3706 484 3754 aliud
498 3708 732 3772 templum
742 3741 759 3765 ,
777 3725 805 3756 a
822 3709 993 3756 Servio
1001 3709 1166 3756 Tullio
1180 3726 1291 3774 rege
1307 3728 1386 3759 ex·

352 3797 592 3833 structum
622 3797 672 3834 et
699 3803 831 3834 nunc
870 3788 1130 3846 refectum,
1183 3790 1384 3837 Matutoe

351 3865 508 3912 Matri
532 3864 626 3929 (al.
644 3863 872 3931 Matris),
904 3867 1037 3915 conf.
1073 3883 1115 3915 c.
1144 3882 1206 3928 19
1221 3902 1237 3926 ,
1261 3884 1312 3915 ιι.
1332 3869 1381 3915 6.

424 3959 449 4001 7
461 3980 474 3991 .
497 3946 557 3990 Se
576 3946 832 3993 decumam
857 3946 1046 3994 vovisse
1054 3946 1379 4010 p'roedaepar-

361 4032 456 4069 tem
481 4022 731 4087 Apollini,
768 4040 903 4073 more
937 4028 1221 4074 Graecorum
1242 4060 1257 4083 ,
1292 4027 1379 4089 qui

355 4099 448 4151 diis
475 4101 710 4152 decimam
734 4102 996 4152 multarum
1021 4121 1183 4153 rerum
1199 4140 1215 4164 ,
1248 4106 1378 4170 inpr.

1536 2296 1582 2342 8.
1596 2295 1883 2343 Solvendum
1891 2280 2123 2357 religione
2122 2290 2377 2354 populum,
2391 2288 2501 2357 De}-

1471 2373 1601 2437 phos
1615 2374 1908 2423 mittendum
1921 2389 2024 2421 esse
2038 2372 2225 2419 donum
2237 2383 2435 2415 aureum
2445 2401 2460 2426 ,
2473 2383 2501 2414 a

1474 2452 1700 2513 Camillo,
1711 2453 1886 2519 populi
1900 2451 2128 2509 nomine,
2148 2447 2372 2514 Apollini
2389 2462 2503 2511 pro·

1472 2530 1689 2580 missum.
1709 2530 1861 2589 Solvi,
1887 2549 1972 2579 seu
1990 2530 2176 2579 exsolvi
2185 2526 2418 2592 religione
2430 2526 2500 2591 (et

1471 2609 1752 2673 religionem
1769 2612 1820 2657 II
1835 2644 1849 2669 ,
1873 2611 1934 2656 32
1953 2645 1967 2668 ,
1990 2626 2041 2656 ιι.
2064 2608 2126 2673 3)
2142 2605 2425 2655 estliberari
2439 2620 2498 2652 eo
2556 2600 2563 2607 ’

1470 2684 1666 2744 officio,
1700 2702 1800 2749 quo
1828 2703 1918 2751 per
1938 2687 2222 2751 religionem
2249 2697 2497 2746 tenemur,

1472 2765 1672 2826 exsequi
1688 2764 1940 2827 religionis
1959 2763 2122 2812 officia
2135 2799 2150 2825 ,
2169 2781 2256 2813 seu
2267 2775 2497 2826 praestare

1470 2842 1592 2891 illud
1604 2876 1619 2900 ‚
1639 2842 1774 2904 quod
1793 2852 1848 2889 ut
1866 2843 2122 2900 faciamus,
2148 2840 2384 2904 religione
2411 2841 2496 2887 ad-

1469 2937 1753 2980 monemur3
1769 2922 1924 2970 Gron.
1945 2923 2009 2970 ad
2021 2924 2120 2970 VII
2134 2955 2148 2980 ,
2171 2923 2198 2969 3
2222 2932 2345 2968 extr.
2365 2919 2497 2967 Con-

1469 3002 1543 3050 fer
1571 3001 1723 3058 VIII,
1745 3015 1778 3062 9
1799 3012 1925 3050 extr.
1950 3003 2053 3060 IX,
2087 3003 2115 3048 8
2155 2999 2275 3065 (ubi
2303 3010 2350 3047 et
2373 3014 2494 3046 con·-

1469 3091 1545 3128 tra
1571 3079 1752 3129 dleitur
1779 3079 1997 3145 obligare
2028 3090 2077 3128 et
2101 3078 2394 3143 obstringere
2421 3093 2495 3125 re-

1469 3159 1674 3224 ligione,
1698 3169 1753 3209 ut
1771 3160 1879 3223 lx,
1895 3174 1952 3206 ιι
1967 3193 1983 3217 ,
2002 3176 2053 3207 ιι.
2077 3175 2102 3219 7
2124 3174 2141 3218 3
2166 3169 2216 3206 et
2233 3158 2494 3216 XXXIX,

1472 3240 1535 3300 37
1559 3272 1573 3297 ,
1613 3256 1663 3287 ιι.
1692 3238 1751 3295 6,
1789 3238 1958 3286 civitas
1994 3237 2214 3303 obligata
2239 3236 2495 3301 sponsione

1469 3314 1766 3382 commissa),
1786 3318 1983 3375 XXIV,
2000 3318 2080 3375 18,
2099 3317 2161 3365 al.
2179 3317 2257 3365 Sic
2272 3326 2321 3364 et
2341 3316 2497 3363 levare

1470 3413 1528 3444 ae
1550 3397 1755 3445 liberare
1771 3395 2003 3461 religione
2019 3396 2209 3444 animos
2223 3396 2321 3442 VII
2334 3428 2351 3452 ‚
2371 3395 2398 3440 3
2418 3409 2493 3458 pr.

1470 3478 1702 3535 xx1‚62
1722 3494 1737 3535 3
1755 3478 2014 3537 XXXIX,
2034 3480 2125 3536 16,
2143 3495 2194 3524 n.
2211 3475 2302 3534 463
2324 3485 2499 3521 etcon-

1474 3567 1550 3604 tra
1576 3555 1823 3602 cumulare
1847 3556 2100 3621 religiones
2131 3554 2307 3603 animis
2329 3553 2500 3610 XLII,

1474 3650 1568 3692 no,
1588 3651 1638 3681 ιι.
1662 3633 1708 3680 5.
1732 3635 1864 3681 Hinc
1883 3650 2079 3698 quoque
2094 3647 2366 3697 procurare
2388 3628 2500 3677 reli·

1466 3713 1637 3777 giones
1660 3713 1758 3759 VII
1770 3746 1784 3769 ,
1827 3712 1855 3758 3
1893 3728 1970 3776 pr.
2007 3724 2063 3761 ut
2096 3713 2196 3758 fere
2226 3724 2500 3774 procurare

1442 3789 1701 3855 ,prodigia
1723 3792 1773 3847 1,
1800 3804 1896 3847 ιο,
1927 3803 1979 3837 n.
2010 3804 2089 3838 ιι.
2126 3790 2310 3839 Confer
2335 3789 2398 3837 ad
2419 3790 2500 3849 H,

1474 3870 1506 3917 5
1519 3904 1534 3928 ‚
1552 3885 1603 3916 n.
1626 3875 1673 3924 4.
1696 3895 1767 3904 -
1790 3867 1983 3932 Referre
1989 3870 2218 3933 praedam
2232 3905 2249 3927 ‚
2275 3868 2497 3917 reddere.

1543 3962 1594 4009 9.
1613 3950 1674 3993 In
1686 3947 1939 4011 publicum
1957 3946 2165 4013 deferret
2171 3985 2190 4007 ,
2212 3949 2326 3998 vide
2344 3948 2409 3997 ad
2422 3949 2498 4006 11,

1475 4035 1543 4083 24
1560 4061 1574 4085 ,
1600 4043 1652 4075 n.
1681 4027 1732 4075 6.

1547 4121 1628 4155 ιο.
1659 4107 1816 4171 Quam
1853 4107 1990 4171 quod
2014 4105 2151 4172 digni
2164 4117 2411 4172 peterent,
2441 4103 2494 4150 h·
