3000 4717
2330 351 2385 387 A:
2404 347 2452 388 c,
2478 352 2569 403 337.

2327 407 2375 448 U.
2405 410 2451 449 C.
2479 411 2572 457 425.

520 361 661 449 444
1362 371 1434 436 Τ.
1499 369 1775 437 leu

516 486 881 558 modicum
917 488 1267 584 spatium:
1293 489 1707 586 manipulus
1735 488 1923 558 leves
1944 481 1971 527 ³
2004 486 2293 557 vicenos
2322 488 2621 576 militeS,

513 597 720 668 aliam
755 598 1043 669 turbam
1075 613 1516 671 scutatorum
1555 598 1902 684 habebat3
1949 596 2138 667 leves
2172 611 2412 668 autem
2435 652 2454 682 ‚
2495 599 2624 695 qui

507 706 784 778 hastam
823 722 1106 780 tantum
1144 734 1472 806 gaesaque
1520 721 1855 807 gererent
1873 761 1892 791 ‚
1930 705 2400 778 vocabantur.
2457 715 2621 796 Haec

507 817 740 914 prima
774 815 977 889 frons
1004 820 1077 888 in
1113 819 1263 889 acie
1293 817 1548 890 florem
1571 819 1921 914 juvenum
1956 816 2503 914 pubescentium
2530 816 2621 887 ad

506 925 831 997 militiam
863 926 1196 998 habebat.
1233 928 1625 999 Robustior
1661 926 1829 1002 inde
1858 942 2022 998 aetas
2057 926 2356 997 totidem
2394 927 2617 996 mani-

507 1037 878 1133 pulorum,
912 1036 1181 1135 quibus
1217 1036 1662 1135 principibus
1703 1052 1808 1107 est
1839 1060 2151 1124 nomeu,
2193 1036 2325 1105 hos
2360 1060 2618 1131 seque-—

506 1145 797 1233 bantur,
830 1148 1086 1218 scutati
1115 1171 1397 1234 omneS,
1435 1145 1835 1244 insignibus
1858 1145 2164 1222 maxime
2192 1144 2443 1231 armis3
2478 1142 2620 1213 hoc

507 1255 796 1351 triginta
848 1255 1383 1381 manipulorum
1439 1259 1746 1352 agmeu⁴
1787 1247 2249 1350 antepilanos
2296 1238 2619 1350 appella-

504 1361 722 1453 bant,
760 1367 929 1462 quia
965 1366 1102 1438 sub
1138 1367 1356 1463 signis
1384 1366 1535 1461 jam
1574 1365 1692 1436 alii
1733 1364 2144 1462 quindecim
2180 1363 2470 1435 ordines
2504 1363 2615 1434 lo·

505 1473 857 1546 cabantur
893 1503 908 1545 :
957 1501 1046 1548 ex
1096 1476 1363 1572 quibus
1409 1475 1592 1548 ordo
1644 1463 2334 1572 unusquisque³³tres
2380 1488 2619 1571 partes

568 1660 615 1707 3.
649 1662 930 1724 Manipulus
964 1663 1084 1711 leves
1115 1663 1312 1710 vicenos
1343 1663 1517 1712 milites

499 1738 733 1795 habebat,
758 1752 807 1788 et
826 1741 1003 1799 aliam,
1029 1742 1261 1806 reliquam
1291 1741 1438 1807 (vide
1454 1743 1518 1791 ad

499 1818 591 1875 lv,
634 1832 721 1877 ro,
756 1835 806 1866 ιι.
838 1818 924 1883 1),
964 1821 1155 1870 turbam
1184 1832 1514 1877 scutatorum,

496 1895 548 1943 h.
570 1911 612 1943 e.
641 1897 815 1961 reliqui
834 1910 972 1946 erant
989 1901 1164 1948 scutati
1191 1898 1269 1964 (h.
1291 1917 1333 1948 e.
1356 1899 1518 1964 gravis

500 1987 755 2024 armaturae
780 1978 981 2038 milite„
1015 1994 1123 2042 quae
1148 1979 1246 2027 levi
1266 1991 1518 2027 armaturae

502 2066 823 2118 opponuntur
842 2057 984 2105 etiam
1002 2058 1255 2116 XXVIII,
1273 2055 1353 2122 a),
1374 2058 1520 2105 adeo-

503 2147 599 2194 que
626 2135 796 2197 xulg
818 2151 930 2183 nam
958 2136 1109 2194 ordo,
1130 2154 1217 2185 seu
1242 2136 1518 2200 manipulus

500 2211 643 2259 an
667 2213 845 2261 milites
870 2213 1095 2264 habebat.
1125 2241 1195 2251 —
1224 2215 1418 2262 Goesum
1443 2226 1516 2262 te-

495 2288 600 2337 lum
618 2291 822 2351 missile,
851 2292 1104 2357 proprium
1116 2292 1269 2340 Gallis
1288 2292 1517 2356 etl-Iispa-

495 2367 588 2413 nis.
620 2368 695 2416 Cf.
724 2369 786 2416 ad
812 2371 898 2417 Sil.
921 2372 972 2428 1,
999 2369 1515 2433 629.—Principibus

496 2455 568 2490 est
584 2460 755 2492 nomen
775 2462 793 2492 :
816 2446 869 2493 hi
893 2447 1123 2494 nimirum
1145 2447 1372 2495 videntur
1392 2448 1512 2495 olim

492 2523 764 2586 principem
777 2523 830 2569 in
848 2524 951 2571 acie
967 2525 1132 2571 locum
1150 2525 1512 2575 tenuisse-Vide

493 2601 626 2664 Lips.
649 2600 710 2647 de
728 2601 836 2648 Mil.
857 2617 977 2649 rom.
1001 2605 1079 2661 11,
1109 2619 1155 2660 1;
1179 2604 1271 2661 IV,
1298 2620 1347 2653 2.
1369 2606 1460 2653 En.

566 2687 612 2734 4.
636 2680 745 2726 Hoc
762 2680 918 2727 XXX
930 2681 1286 2745 manipulorum
1305 2698 1478 2746 agmen
1488 2718 1505 2741 ‚

492 2756 598 2804 scil.
615 2757 915 2806 hastatorum
932 2770 981 2806 et
996 2760 1300 2824 principum,
1321 2762 1509 2824 antepi-

492 2837 633 2884 lanos
655 2838 994 2901 appellabant,
1020 2838 1122 2886 sive
1140 2838 1507 2902 antesignanos,

487 2915 612 2978 quia
636 2916 722 2963 sub
743 2916 913 2981 signis,
950 2929 1065 2981 post
1090 2918 1255 2980 signa,
1279 2917 1393 2981 jam
1420 2918 1512 2965 alii

490 2995 591 3040 XV
601 2994 793 3041 ordines
816 2995 1119 3052 locabantur,
1147 2996 1297 3042 scilic.
1316 2996 1506 3044 triario-

491 3071 747 3120 rum.Vide
771 3072 835 3120 ad
859 3076 937 3132 ΙΙ,
963 3089 1055 3131 20,
1080 3090 1135 3121 ιι.
1164 3074 1219 3131 3,
1247 3084 1296 3121 et
1321 3076 1506 3135 xxn,

493 3151 543 3209 5,
568 3167 617 3197 ιι.
651 3159 697 3207 4.
735 3153 861 3199 Mox
893 3168 1149 3216 perperam
1184 3153 1237 3199 in
1277 3153 1505 3202 omnibus

485 3227 623 3276 libris
656 3229 833 3293 legitur
857 3245 870 3278 :
904 3246 1072 3278 earum
1113 3246 1506 3295 unamquamque

478 3307 693 3372 primum
703 3308 863 3371 pilum
878 3310 1143 3357 vocabant.
1161 3309 1292 3372 Lips.
1312 3310 1500 3357 emend.

488 3400 655 3433 carum
686 3402 1077 3450 unamquamque
1102 3386 1316 3449 primam
1343 3388 1503 3449 pilum

485 3466 764 3522 vocabant3
785 3466 922 3513 Nast.
942 3466 976 3514 l.
997 3466 1031 3512 l.
1050 3481 1217 3512 earum
1236 3482 1383 3512 unam
1394 3468 1501 3529 pri-

1604 1665 1841 1712 Praeterea
1866 1678 1973 1711 voc.
1999 1662 2236 1710 vexillum
2253 1673 2481 1724 tanquam
2502 1677 2618 1725 spu-

1603 1741 1732 1789 rium
1776 1741 1969 1790 uncinis
2019 1742 2194 1789 inclusi
2214 1773 2230 1799 ,
2274 1756 2431 1804 neque
2478 1739 2617 1788 dIssi·

1603 1822 1762 1880 mulo,
1780 1820 1926 1868 verba
1948 1836 2144 1883 quoque
2161 1816 2311 1867 tribus
2337 1835 2401 1866 ea·
2422 1818 2618 1865 vexillis

1603 1899 1858 1947 constabat
1873 1899 1996 1964 (scil.
2018 1895 2164 1962 ordo)
2184 1909 2299 1962 post
2318 1896 2400 1944 illa
2413 1932 2427 1956 ,
2449 1913 2617 1944 earum

1594 1978 1831 2042 primam.
1847 2014 1861 2027 .
1876 1977 2150 2025 .vocabant
2168 1992 2339 2041 parum
2362 1974 2618 2023 commode

1604 2056 1815 2117 adjecta,
1852 2067 1900 2104 et
1924 2055 2358 2120 ahinterpolatore
2383 2054 2447 2102 ad
2472 2068 2616 2118 supe-

1603 2136 1733 2184 riora
1751 2136 1872 2183 ordo
1895 2134 2219 2198 unusquisque
2236 2144 2507 2197 ves-partes
2523 2131 2614 2178 ha-

1603 2215 1749 2262 bebat
1767 2214 1822 2261 in
1846 2229 1995 2277 marg.
2015 2212 2256 2277 adscripta
2282 2212 2447 2259 videri.
2473 2211 2614 2257 Idem

1600 2292 1934 2355 suspicabatur
1961 2292 2227 2348 strothius,
2252 2291 2386 2350 cujus
2406 2288 2512 2336 haec
2536 2300 2617 2337 est

1600 2381 1745 2418 nota:
1765 2370 1883 2417 «Sic
1903 2371 2064 2418 omnia
2082 2371 2221 2435 plana
2239 2380 2380 2426 sunt,
2398 2379 2613 2431 apteque

1600 2431 1889 2496 cohaerent·
1924 2449 2020 2495 Sub
2043 2448 2214 2513 signis,
2254 2457 2368 2511 post
2395 2447 2530 2509 sigua
2561 2456 2611 2493 et

1598 2526 1921 2590 antepilanos,
1933 2526 2046 2591 jam
2063 2526 2154 2573 alii
2168 2528 2221 2574 X
2220 2529 2269 2572 V
2273 2524 2464 2574 ordines
2482 2525 2612 2572 loca-

1600 2604 1793 2661 bantur,
1821 2621 1946 2667 quos
1975 2604 2219 2652 communi
2246 2607 2442 2651 nomine
2473 2603 2610 2651 latio-

1598 2683 1737 2745 rique
1773 2682 1999 2730 vocabuli
2031 2699 2121 2730 usu
2151 2682 2346 2729 triarios
2369 2681 2609 2745 appellare

1595 2761 1771 2825 possis.
1798 2761 1864 2809 ni
1891 2777 2008 2808 vero
2034 2760 2234 2808 ordines
2259 2776 2361 2808 non
2397 2760 2492 2807 illis
2527 2775 2606 2806 or·

1597 2839 1793 2887 dinibus
1800 2839 2097 2886 hastatorum
2110 2850 2160 2887 et
2171 2839 2450 2903 principum
2457 2854 2610 2901 aequa·

1593 2917 1669 2971 les
1683 2928 1842 2975 erant,
1867 2917 1950 2964 sed
1971 2917 2186 2982 triplices
2205 2918 2344 2965 tanti.
2364 2918 2605 2979 Quoniam

1595 2996 1724 3042 enim
1737 2995 1889 3043 triarii
1899 2994 2060 3043 latiori
2073 2994 2346 3059 significatu
2363 2995 2415 3041 in
2428 2995 2518 3042 tria
2529 3011 2606 3058 ge·

1593 3090 1707 3121 nera
1722 3073 2157 3136 distinguebantur,
2166 3074 2219 3120 iu
2230 3073 2420 3121 triarios
2430 3089 2604 3137 nempe

1591 3152 1789 3216 proprie
1812 3152 2072 3215 stricteque
2090 3153 2162 3199 sic
2188 3152 2372 3210 dictos,
2395 3153 2604 3200 rorarios

1592 3241 1641 3278 et
1653 3245 1900 3289 accensos,
1911 3232 1980 3278 sic
1991 3232 2134 3279 etiam
2149 3230 2270 3277 ordo
2282 3230 2604 3295 unusquisque

1592 3307 1783 3355 illorum
1817 3321 1908 3357 tres
1925 3321 2096 3373 partes
2122 3308 2361 3365 habebat,
2401 3324 2486 3356 seu
2510 3310 2602 3357 tria

1591 3387 1780 3434 vexilla.
1800 3389 1987 3434 Earum
2003 3388 2223 3451 partium
2245 3404 2487 3452 quamque
2499 3388 2602 3451 pri-

1590 3481 1747 3521 mam,
1776 3465 1811 3513 i.
1832 3482 1874 3513 e.
1892 3466 2084 3514 triarios
2102 3466 2300 3530 proprie
2325 3466 2395 3513 sic
2418 3465 2598 3525 dictos,

487 3561 616 3594 mum
625 3544 784 3608 pilum
800 3544 1062 3591 vocabant.
1079 3544 1233 3591 Gron.
1250 3555 1298 3591 et
1315 3546 1497 3593 Stroth.
1583 3543 1794 3606 primum
1797 3544 1953 3607 pilum
1965 3544 2229 3601 vocabant,
2247 3560 2453 3607 quorum
2466 3556 2600 3592 erant

485 3639 651 3672 earum
659 3622 874 3687 primam
897 3638 1139 3686 quamque
1162 3622 1403 3688 (partem,
1430 3641 1498 3673 sc.

484 3701 788 3760 triariorum,
821 3717 1026 3764 quorum
1067 3711 1164 3749 tres
1201 3713 1366 3765 partes
1391 3704 1500 3767 pri-

483 3797 613 3828 mum
628 3815 644 3837 ‚
673 3780 932 3830 seeundum
948 3816 966 3837 ,
1008 3780 1200 3828 tertium
1224 3780 1380 3844 pilum
1409 3799 1494 3846 ap-

1586 3621 1736 3685 igitur
1772 3624 1899 3670 sicut
1936 3623 2230 3685 reliquorum
2265 3623 2365 3669 XV
2406 3624 2597 3670 vexilla.

1587 3703 1768 3750 Omnes
1796 3719 1911 3750 vero
1938 3715 2036 3750 tres
2058 3714 2219 3766 partes
2242 3703 2387 3749 unius
2413 3704 2598 3751 ordinis

1594 3782 1689 3828 186
1711 3781 1924 3829 homines
1945 3794 2100 3829 erant.
2122 3782 2336 3829 Primum
2353 3783 2504 3846 igitur
2521 3799 2598 3830 cu-

481 3859 728 3923 pellabant
743 3858 763 3923 )
776 3894 790 3917 ‚
804 3921 816 3932 ι
816 3860 1031 3922 primum
1054 3859 1211 3922 pilum
1245 3860 1498 3908 ‘vocabant
1577 3860 1751 3924 jusque
1766 3860 1952 3910 ordinis
1964 3860 2203 3908 vexillum
2218 3860 2411 3908 triarios
2425 3878 2595 3926 propr.

482 3935 616 3998 (vide
633 3936 696 3982 ad
713 3939 763 3983 11
777 3971 791 3996 ,
811 3954 894 3997 27,
917 3936 990 4001 7),
1019 3937 1155 4000 quod
1178 3939 1369 4003 recepi,
1393 3951 1487 3986 tan·

482 4026 627 4075 quam
645 4015 830 4060 caeteris
847 4015 1148 4077 probabilius
1160 4049 1174 4073 ,
1194 4018 1283 4063 etsi
1300 4033 1402 4065 non
1419 4019 1494 4065 in·

480 4087 678 4136 dubium
702 4088 910 4138 sit.Vide
934 4092 1061 4139 Duk.
1082 4093 1144 4141 ad
1162 4094 1293 4141 hunc
1310 4095 1489 4143 locum.

1581 3938 1651 3986 sic
1666 3939 1824 3987 dictos
1843 3939 2072 3995 ducebat,
2089 3938 2347 3986 secundum
2360 3941 2590 3996 rorarios,

1581 4016 1772 4063 tertium
1789 4009 2030 4064 accensos.
2050 4018 2288 4066 Caeterum
2303 4034 2469 4066 eorum
2481 4054 2494 4077 ,
2511 4017 2598 4082 qui

1578 4095 1665 4142 sub
1684 4093 1830 4158 signis
1855 4095 2006 4143 locati
2031 4108 2191 4152 erant,
2224 4097 2464 4161 triplicem
2489 4110 2592 4145 tan·
