3000 4717
412 399 536 501 2:1⁰2:
566 399 790 511 §33:335
848 418 1167 486 LIBER
1227 417 1357 486 lv.
1424 416 1639 485 cAP.
1702 419 2036 486 xxxn.
2387 417 2477 515 67

358 556 739 638 conspectu
777 539 1089 609 duorum
1139 544 1579 609 exercituum
1632 544 1864 610 occiso
1888 592 1910 624 ‚
1937 539 2183 638 ‘spolia
2234 519 2485 640 opima

359 656 549 724 Iovis
590 655 886 722 Feretrii
914 648 1178 746 templo
1204 647 1539 719 intulerit.
1573 654 1801 720 Proin
1834 673 2212 738 memore5‚
2240 677 2485 726 secum

360 760 784 862 triumphos,
816 783 1061 832 secum
1094 757 1363 860 spolia,
1401 783 1641 830 secum
1675 766 2057 831 victoriam
2094 787 2241 833 esse
2260 818 2279 849 ,
2323 790 2486 838 cum

364 871 686 944 hostibus
726 867 995 943 scelus3
1035 868 1433 965 legatorum
1474 884 1723 940 contra
1739 872 1872 964 jus
1906 876 2233 967 gentium
2270 878 2488 942 inter-

336 984 749 1076 jectorum,
784 979 1058 1053 caedem
1092 987 1167 1051 in
1181 1004 1378 1079 pace
1404 981 1866 1052 Fidenatium
1897 980 2316 1054 colonorum
2337 1039 2358 1071 ,
2388 990 2489 1055 in·
2545 980 2566 997 ‘

359 1092 617 1164 ducias
645 1107 927 1190 ruptas,
957 1098 1337 1188 septimam
1372 1089 1733 1184 infelicem
1760 1090 2227 1184 defectionem
2240 1147 2261 1179 ‚
2284 1117 2493 1164 arma

360 1219 714 1301 caperent.
750 1203 984 1275 Simul
1012 1217 1243 1273 castra
1274 1206 1521 1273 castris
1557 1202 2124 1294 conjunxissent,
2141 1208 2311 1273 satis
2332 1196 2516 1274 οοηέ

340 1312 586 1415 fidere
599 1365 618 1396 ,
657 1337 785 1384 nec
809 1311 1366 1384 sceleratissimis
1382 1311 1704 1382 hostibus
1722 1309 2154 1414 diuturnum
2178 1337 2278 1382 ex
2298 1319 2493 1409 igno-

362 1427 603 1491 minia·
629 1427 981 1492 exercitus
1034 1426 1329 1496 romani
1362 1417 1722 1514 gaudium
1756 1417 1934 1505 fhre
1950 1445 1978 1504 ;
2035 1434 2107 1487 et
2121 1423 2491 1517 populum

361 1554 744 1601 romanum
784 1529 1299 1601 intellecturum
1324 1582 1344 1615 ‚
1382 1540 1661 1623 quanto
1696 1525 1949 1598 melius
1990 1527 2082 1598 de
2125 1533 2493 1628 republica

360 1646 597 1712 meriti
625 1646 793 1724 sint,
827 1645 958 1735 qui
984 1664 1057 1709 se
1091 1636 1517 1706 dictatorem
1556 1640 1842 1706 tertium
1879 1633 2228 1726 dixerint,
2266 1666 2493 1739 quam

360 1774 482 1821 eos
494 1754 549 1837 4,
572 1755 718 1846 qui,
743 1749 836 1819 ob
859 1764 1180 1846 ereptum
1204 1770 1526 1817 censuroe
1543 1769 1865 1843 regnum,
1894 1745 2135 1819 labem
2160 1754 2496 1827 secundoe

360 1860 736 1930 dictaturoe
769 1882 927 1929 suce
962 1863 1441 1956 imposuerint.
1482 1858 1688 1927 Votis
1743 1856 2004 1929 deinde
2060 1867 2494 1962 nuncupatis

360 1969 727 2076 profectus
747 2029 766 2063 ‚
802 1973 1000 2044 mille
1046 1987 1118 2044 et
1172 1973 1609 2069 quingentos
1656 1993 1907 2069 passus
1967 1974 2144 2045 citra
2193 1978 2496 2054 Fidenas

358 2097 587 2155 castra
607 2084 795 2154 locat
815 2110 833 2172 3
856 2082 1105 2154 dextra
1127 2081 1500 2154 montibus
1517 2138 1535 2172 ,
1553 2082 1725 2153 laeva
1742 2082 1981 2155 Tiberi
1997 2107 2208 2157 amne
2225 2105 2489 2186 septus.

356 2197 438 2265 T.
472 2194 854 2286 Quintium
891 2197 1168 2265 Penum
1194 2192 1514 2292 legatum
1544 2215 1901 2291 occupare
1929 2208 2217 2267 montes
2243 2200 2493 2293 jubet,

358 2305 875 2402 occultumque
892 2303 968 2375 id
991 2305 1254 2403 jugum
1277 2328 1571 2402 capere,
1591 2304 1791 2400 quod
1822 2302 1913 2374 ab
1933 2317 2136 2401 tergo
2164 2305 2496 2379 hostibus

357 2411 568 2488 foret.
607 2418 772 2512 Ipse
811 2429 1105 2513 postero
1140 2413 1258 2486 die
1282 2470 1300 2502 ‚
1341 2438 1569 2511 quum
1613 2411 1943 2485 Etrusci⁵
1973 2416 2169 2513 pleni
2209 2419 2493 2490 animo-

356 2548 524 2596 rum
557 2523 648 2594 ab
680 2526 964 2621 pristini
997 2524 1140 2597 diei
1169 2526 1468 2598 meliore
1508 2527 1885 2598 occasione
1911 2581 1931 2614 ‚
1960 2551 2182 2623 quam
2211 2552 2455 2626 pugna
2474 2585 2493 2620 ,

355 2635 437 2705 in
466 2636 693 2705 aciem
712 2636 1225 2731 processissent
1241 2690 1261 2724 ‚
1277 2650 1658 2707 cunctatus
1677 2660 2066 2733 parumper
2081 2691 2101 2722 ‚
2123 2638 2298 2709 dum
2328 2663 2495 2736 spe-

356 2744 718 2815 culatores
743 2740 1095 2814 referrent
1115 2799 1135 2832 ‚
1161 2745 1544 2834 Quintium
1577 2746 1877 2816 evasisse
1916 2747 1992 2814 in
2029 2747 2283 2843 jugum
2321 2774 2493 2847 pro-

355 2856 719 2954 pinquum
749 2856 892 2926 arci
911 2853 1344 2948 Fidenarum
1359 2908 1378 2943 ‚
1401 2854 1602 2950 signa
1618 2849 1650 2895 ⁶
1670 2845 1980 2949 profert:
2015 2853 2493 2954 peditumque

353 2967 585 3039 aciem
617 2965 1045 3038 instructam
1077 2965 1297 3063 pleno
1330 2964 1560 3063 gradu
1582 2965 1659 3034 in
1679 2962 1969 3064 hostem
1993 2962 2318 3036 inducit:
2352 2990 2495 3037 ma-

1466 3155 1689 3212 easione‚
1712 3165 1851 3219 post,
1878 3151 1958 3203 vel
1975 3165 2180 3222 propter
2196 3154 2338 3222 (vide
2357 3158 2419 3206 ad
2440 3159 2488 3219 1,

1472 3250 1495 3281 1
1513 3269 1528 3294 ,
1555 3251 1606 3285 n.
1637 3235 1668 3282 5
1681 3233 1703 3302 )
1730 3234 1981 3284 meliorem
2013 3233 2176 3301 (bene
2199 3239 2452 3302 pugnandi
2471 3238 2492 3307 )

353 3156 514 3219 spolia
541 3158 783 3222 opima...
803 3157 1045 3216 intulerit,
1068 3156 1184 3205 vide
1208 3173 1253 3205 ο.
1284 3170 1347 3218 19
1362 3190 1377 3215 2

360 3248 457 3292 no,
481 3234 648 3300 ibique
667 3249 775 3287 not.
805 3246 856 3294 4.

433 3312 481 3360 3.
508 3315 666 3363 Scelus
690 3318 957 3381 legatorum
983 3314 1372 3381 interfectorum,

357 3389 542 3439 coedem
567 3392 847 3441 colonorum
860 3430 875 3454 ,
905 3395 1019 3443 vide
1052 3410 1164 3462 cap.
1195 3409 1278 3455 17,
1311 3394 1376 3442 30

357 3481 411 3518 et
439 3471 497 3517 31
532 3479 659 3519 extr.

432 3557 481 3604 4.
508 3550 668 3614 Quam
691 3564 796 3607 eos,
827 3549 912 3613 qui
936 3552 997 3597 ob
1025 3561 1238 3616 ereptum
1266 3566 1377 3598 cen-

358 3643 487 3676 sura·
511 3644 739 3693 regnum,
769 3636 863 3676 etc.
889 3628 1003 3676 vide
1029 3645 1136 3694 cap.
1164 3637 1248 3685 24.
1281 3629 1378 3677 Sed

359 3722 472 3755 voc.
486 3722 580 3754 *eos
598 3706 859 3755 delendum
873 3739 887 3764 ,
907 3706 988 3753 vel
1008 3706 1103 3770 leg.
1131 3723 1371 3766 censores,

358 3783 612 3849 quodiam
637 3787 720 3835 alii
743 3799 992 3833 monuere.
1012 3810 1084 3820 —
1102 3786 1283 3832 Labem
1307 3785 1378 3835 di-

354 3875 565 3912 ctaturae
579 3881 682 3913 suae
701 3862 1034 3930 imposuerint,
1058 3875 1114 3912 ut
1138 3880 1218 3929 ap.
1241 3864 1376 3914 curt.

356 3944 490 4000 VII,
520 3935 578 4002 '7⁶3
601 3943 705 3996 Cic.
722 3959 817 4008 pro
835 3943 1068 4006 Quintio,
1088 3960 1195 4007 cap.
1223 3944 1307 4002 31,
1328 3954 1377 3992 et

359 4022 557 4072 Sallust.
591 4022 733 4071 Catil.
769 4024 860 4082 48,
886 4022 973 4069 ubi
1006 4023 1121 4072 vide
1152 4022 1302 4071 Corte
1329 4033 1377 4069 et

358 4099 519 4150 Wass.

430 4178 478 4227 5.
498 4180 717 4238 Etrusci,
736 4181 990 4244 Veientes,
1004 4180 1069 4229 ab
1082 4179 1282 4230 meliore
1290 4167 1378 4228 'oc-

1465 3314 1775 3363 occasionem
1794 3312 1871 3380 (v.
1896 3313 1958 3362 ad
1976 3316 2028 3374 1,
2053 3330 2134 3374 11,
2156 3332 2205 3363 n.
2237 3315 2311 3384 1),
2340 3334 2491 3380 quam

1454 3409 1681 3458 pugnam
1698 3393 1840 3460 (vide
1859 3410 1902 3441 c.
1929 3395 1957 3441 3
1969 3407 1991 3441 1
2013 3392 2135 3458 pn),
2145 3393 2347 3457 pristini
2362 3396 2485 3455 diei,

1463 3488 1567 3520 non
1585 3475 1689 3535 ejus
1700 3509 1714 3533 ‚
1740 3473 1827 3537 qui
1841 3473 2067 3538 proxime
2083 3472 2334 3537 praecessit
2354 3472 2487 3522 hunc

1465 3551 1620 3611 diem,
1645 3552 1722 3600 vel
1750 3552 1966 3599 hesterni
1999 3550 2151 3615 (nam
2185 3551 2348 3613 plures
2385 3550 2489 3596 dies

1463 3629 1593 3678 inter
1608 3630 1742 3679 hunc
1760 3641 1810 3678 et
1828 3646 1964 3687 eum,
1978 3645 2077 3692 quo
2091 3627 2307 3676 Etruscis
2326 3626 2488 3675 oblata

1464 3720 1567 3757 erat
1594 3710 1787 3756 occasio
1814 3709 1939 3755 bene
1962 3705 2243 3770 pugnandi,
2260 3704 2491 3754 interces-

1442 3779 1595 3845 ἐπε,
1614 3783 1748 3850 quod
1768 3799 1830 3832 ex
1849 3800 1955 3847 cap.
1973 3782 2072 3829 hoc
2097 3793 2146 3830 et
2169 3782 2197 3829 3
2209 3797 2254 3841 1,
2271 3782 2483 3849 liquere,

1458 3867 1562 3926 jam
1585 3863 1777 3912 monuit
1799 3858 1986 3924 nuk),
2014 3857 2101 3908 sed
2126 3860 2269 3910 unius
2291 3877 2318 3910 e
2342 3877 2487 3930 supe-

1464 3943 1678 3992 rioribus
1698 3940 1972 4013 diebus‚-ut
1993 3941 2097 3999 lx,
2118 3941 2204 4001 23,
2222 3957 2273 3990 n.
2299 3951 2331 3999 4
2350 3944 2487 4009 (svor.

1464 4021 1641 4086 malig,
1671 4017 1950 4085 ehemalig).

1537 4100 1585 4147 6.
1617 4099 1766 4165 Signa
1790 4097 1985 4164 profert
1995 4133 2012 4156 ,
2047 4097 2161 4148 vide
2187 4099 2251 4148 ad
2280 4117 2387 4165 cap.
2419 4117 2451 4164 9
2471 4136 2485 4160 ‚

1464 4195 1516 4229 n.
1546 4196 1594 4241 7.
1614 4206 1685 4218 -
1708 4178 1879 4230 Gradu
1897 4179 2075 4243 pleno,
2099 4175 2382 4242 grandiore,
2407 4180 2482 4227 vel

2003 4259 2080 4333 5.
