3000 4717
483 388 611 463 192
837 422 842 427 .
1321 367 1398 434 T.
1461 365 1644 434 LIV
1658 363 1735 432 ΙΙ
2302 347 2426 447 1513·
2454 349 2550 457 3323

472 489 863 560 invisitatas
903 500 1286 559 cernerent
1317 501 1390 558 et
1426 512 1654 584 genus
1680 508 2079 576 armorum,
2119 485 2598 586 audirentque

473 624 658 697 saepe
690 599 781 670 ab
809 600 927 689 iis,
962 599 1062 670 cis
1088 596 1359 669 Padum
1385 597 1720 693 ultraque
1741 648 1758 683 ‚
1788 595 2104 692 legiones
2130 601 2596 671 Etruscorum

435 708 697 797 ,fusas;
735 732 1154 805 quanquam
1198 708 1538 778 adversus
1587 711 1951 776 Romanos
2001 707 2285 798 nullum
2330 710 2432 781 eis
2482 711 2597 805 jus

469 819 827 890 societatis
864 819 1277 889 amicitiaeve
1314 830 1463 918 erat
1481 871 1500 905 ,
1536 818 1674 887 nisi
1706 814 1907 912 quo‘d
1931 819 2266 889 Veientes
2303 810 2600 891 consan-

466 930 767 1025 guineos
812 926 1155 997 adversus
1201 920 1560 1024 populum
1602 950 1986 1025 romanum
2039 940 2195 997 non'
2239 927 2593 1002 defendis-

467 1051 665 1128 sent,
706 1037 975 1135 legatos
1016 1043 1354 1125 Romam,
1391 1038 1520 1133 qui
1562 1036 1908 1108 auxilium
1953 1037 2043 1107 ab
2090 1052 2344 1110 senatu
2390 1055 2597 1136 pete-

463 1163 662 1237 rent,
689 1150 974 1227 misere„
1010 1152 1119 1218 De
1153 1148 1419 1229 auxilio
1458 1146 1638 1216 nihil
1670 1147 2173 1244 impetratum:
2211 1147 2423 1246 legati
2452 1164 2593 1222 tres

466 1262 566 1329 M.
617 1259 815 1331 Fabii
851 1246 1184 1330 Ambusti
1220 1256 1350 1328 filii
1393 1258 1631 1342 missi,
1679 1259 1807 1353 qui
1855 1271 2144 1329 senatus
2193 1259 2594 1356 populique

466 1350 751 1440 romani
778 1370 1073 1440 nomine
1108 1382 1402 1465 agerent
1430 1392 1598 1439 cum
1630 1368 1886 1457 Gallis,
1911 1394 2039 1456 ne,
2073 1394 2111 1439 a
2141 1369 2410 1465 quibus
2438 1372 2594 1442 nul-

466 1479 607 1550 lam
633 1480 1490 1575 injuriamaccepissent,
1521 1480 1750 1550 socios
1783 1477 2037 1576 populi
2070 1481 2350 1549 romani
2378 1493 2594 1576 atque

466 1591 732 1662 amicos
777 1602 1332 1687 oppugnarent:
1381 1591 1722 1660 Romanis
1771 1614 1894 1659 eos
1940 1589 2134 1660 bello
2168 1615 2502 1686 quoque,
2535 1591 2593 1660 si

465 1723 580 1769 res
628 1712 874 1796 cogat,
923 1697 1238 1771 tuendos
1288 1723 1483 1769 esse:
1530 1699 1656 1771 sed
1702 1699 1959 1772 melius
2004 1702 2274 1789 visum,
2321 1700 2591 1771 bellum
2696 1708 2713 1723 “

466 1810 702 1904 ipsum
742 1810 1093 1895 amoveri,
1132 1810 1190 1877 si
1219 1823 1496 1903 posset3
1530 1823 1601 1879 et
1639 1809 1926 1897 Gallos,
1966 1835 2225 1880 novam
2260 1826 2587 1909 gentem,

466 1943 641 2017 pace
681 1921 924 2017 potius
966 1920 1338 2017 cognosci,
1368 1943 1590 2016 quam
1629 1899 1921 2059 armis.)

562 2037 881 2103 XXXVI
912 2032 1107 2102 Mitis
1136 2031 1395 2127 legatio
1413 2084 1433 2118 ,
1460 2031 1539 2100 ni
1572 2028 1996 2126 praeferoces
2028 2030 2302 2126 legatos
2336 2031 2592 2100 Gallis·-

467 2166 612 2238 que
642 2144 866 2239 magis
896 2166 1116 2239 quam
1155 2141 1496 2211 Romanis
1536 2138 1798 2209 similes
1837 2136 2246 2207 habuisset:
2283 2138 2589 2233 quibus,
2662 2128 2673 2133 ’

465 2267 851 2349 postquam
892 2251 1228 2321 mandata
1266 2249 1652 2320 ediderunt
1697 2249 1774 2318 in
1818 2247 2125 2318 concilio
2168 2246 2546 2318 Gallorum
2573 2305 2592 2339 ,

465 2360 680 2430 datur
727 2384 1158 2457 responsum
1197 2386 1213 2427 τ
1257 2364 1417 2429 Etsi
1460 2383 1730 2429 novum
1775 2381 2037 2428 nomen
2089 2357 2401 2427 audiant
2444 2363 2589 2428 Ro-

461 2458 883 2556 manorum,
926 2488 1166 2542 tamen
1211 2469 1497 2551 credere
1541 2476 1737 2541 viros
1765 2472 2006 2562 fortes
2046 2494 2231 2556 esse,
2273 2493 2589 2566 qaorum

462 2577 826 2649 auxilium
877 2605 925 2649 a
986 2580 1289 2651 Clusinis
1342 2585 1415 2651 in
1467 2606 1546 2652 re
1591 2581 1879 2678 trepida
1930 2586 2025 2651 sit
2072 2578 2534 2677 imploratum
2566 2608 2587 2649 .·

462 2704 569 2775 et,
606 2696 957 2787 quoniam
1002 2690 1361 2788 legatione
1404 2691 1742 2763 adversas
1783 2717 1859 2762 se
1904 2692 2317 2778 maluerint,
2361 2715 2590 2787 qaam

460 2806 717 2886 armis,
759 2807 944 2871 tueri
981 2809 1248 2890 socios,
1294 2828 1386 2873 ne
1429 2828 1506 2874 se
1549 2803 1842 2900 quidem
1879 2829 2142 2901 pacem
2158 2855 2178 2887 ,
2222 2828 2444 2898 quam
2485 2798 2593 2869 illi

458 2911 820 3003 afferant,
856 2918 1271 3007 aspernari,
1308 2918 1375 2982 si
1412 2911 1643 2983 Gallis
1659 2967 1679 2999 ,
1719 2913 2082 3009 egentibus
2117 2935 2296 3009 agro
2312 2964 2330 2993 ‚
2372 2935 2588 3006 quem

460 3018 673 3089 latius
709 3022 1184 3116 possideant,
1229 3047 1457 3118 quam
1511 3022 1797 3107 colant,
1855 3020 2126 3092 Clusini
2153 3037 2443 3118 partem
2481 3018 2626 3112 fi-⁴

457 3135 659 3198 nium
711 3130 1114 3200 concedant
1138 3158 1159 3199 .·
1197 3130 1411 3200 aliter
1433 3156 1704 3228 pacem
1749 3136 2118 3226 impetrari
2154 3154 2300 3200 non
2334 3151 2584 3223 posse,

459 3253 529 3306 et
577 3262 999 3332 responsam
1046 3263 1292 3309 coram
1342 3244 1692 3311 Romanis
1744 3247 2069 3336 accipere
2112 3237 2298 3308 velle
2326 3265 2347 3306 .·
2381 3250 2485 3321 et,
2527 3241 2594 3305 si

454 3362 751 3444 negetur
790 3372 988 3444 ager,
1031 3347 1277 3419 coram
1317 3351 1567 3419 iisdem
1604 3347 2066 3419 dimicaturos
2080 3402 2101 3433 ,
2143 3365 2224 3418 ut
2256 3353 2586 3417 nuntiare

455 3457 756 3529 domum
791 3471 1117 3554 possent,
1152 3473 1507 3554 quantum
1550 3457 1753 3527 Galli
1780 3463 2045 3527 virtute
2073 3472 2364 3527 caeteros
2390 3478 2584 3523 mor-

454 3568 631 3640 tales
647 3584 1100 3665 proestarent.
1140 3568 1536 3660 Quodnam
1563 3568 1644 3636 id
1645 3569 1777 3662 jus
1807 3582 1984 3637 esset
1997 3621 2015 3650 ,
2058 3590 2310 3661 agrum
2346 3588 2393 3631 a
2418 3585 2584 3659 pos-

451 3678 833 3749 sessoribus
848 3695 1129 3776 petere,
1156 3694 1290 3749 aut
1308 3683 1580 3779 minari
1599 3702 1845 3761 arma,
1875 3675 2214 3747 Romanis
2242 3694 2576 3768 quaeren-

440 3870 582 3933 juta,
604 3887 671 3919 sc.
691 3874 906 3931 venei-in
927 3872 1468 3929 Rauen—Invisitata,
1564 3871 1631 3918 eis
1643 3872 1730 3937 jus
1755 3868 2025 3926 societatis,
2052 3880 2146 3917 etc.
2166 3869 2234 3921 ita
2257 3879 2305 3914 et
2326 3867 2426 3913 Dio
2448 3865 2582 3913 Cass.

450 3947 563 3995 vide
584 3949 648 3994 ad
673 3951 760 4007 IV,
782 3953 864 4008 33,
881 3967 931 3998 n.
955 3954 1369 4015 1.-Quanquam
1388 3951 1474 3998 ad·
1561 3951 1615 3996 in
1640 3953 1827 4013 Fragm.
1852 3949 1983 4013 apud
2004 3947 2169 3995 Ursin.
2188 3962 2300 4010 pag.
2325 3947 2426 4004 373
2440 3978 2455 4003 ‚
2472 3955 2508 3991 t.
2531 3946 2580 4001 1,

451 4040 605 4073 versus
631 4027 874 4073 Romanos
908 4029 1107 4092 (confer
1131 4031 1196 4077 ad
1228 4032 1385 4087 XLV,
1411 4030 1439 4076 8
1455 4064 1469 4087 ,
1559 4045 1610 4092 p.
1644 4030 1735 4087 58,
1760 4028 1877 4075 edit.
1908 4027 2066 4076 Reim-
2092 4041 2196 4075 non
2220 4041 2340 4073 vero
2365 4023 2583 4089 Appian-

451 4119 501 4151 n.
524 4119 550 4151 2
565 4138 579 4162 ‚
599 4114 648 4151 et
667 4104 888 4152 Gronov.
901 4106 1046 4154 Obss.
1068 4111 1147 4178 11,
1170 4105 1258 4171 πο)
1283 4108 1471 4156 nullum
1558 4106 1688 4158 Gall.
1710 4108 1832 4155 Exc.
1855 4120 1904 4152 2.
