3000 4717
2193 293 2245 332 A.
2266 290 2315 333 G.
2342 294 2576 340 sss—383.

498 314 637 404 248
1362 320 1439 388 T.
1505 313 1780 388 LIVII
2194 353 2250 394 11.
2264 353 2313 395 c,
2340 356 2569 412 ³67-369·

496 436 993 524 Tromentina,
1025 434 1397 527 Sabatina,
1422 439 1826 512 Arniensis:
1863 457 2110 534 easque
2131 436 2385 533 viginti
2413 442 2635 537 quin-

495 574 641 645 que
684 546 1012 619 tribuum
1057 572 1444 620 numerum
1483 549 1886 648 explevere.

592 663 713 729 VI.
753 663 863 729 De
897 682 1071 757 agro
1097 661 1479 758 pomptino
1516 658 1609 730 ab
1643 662 1718 730 L.
1751 658 2018 730 Sicinio
2056 656 2355 729 tribuno
2387 657 2624 756 plebis

493 783 735 840 actum
753 767 842 839 ad
863 768 1432 866 frequentiorem
1446 771 1596 866 jam
1613 770 1967 868 populum
1981 823 2000 857 ,
2015 768 2623 867 mobilioremque

493 875 584 947 ad
624 876 1097 975 cupiditatem
1130 881 1318 977 agri,
1371 905 1593 977 quam
1637 879 1891 952 fuerat.
1932 884 2022 951 Et
2056 878 2147 951 de
2187 880 2409 951 latino
2448 881 2622 952 her-

491 985 804 1087 nicoque
852 986 1050 1059 bello
1090 990 1366 1060 mentio
1419 989 1604 1062 facta
1643 992 1719 1060 in
1765 1005 2058 1078 senatu,
2115 990 2402 1085 majoris
2443 991 2622 1063 belli
2678 1013 2693 1029 ·

491 1121 698 1185 cura,
749 1096 951 1194 quod
996 1100 1331 1170 Etruria
1314 1124 1391 1170 m
1441 1100 1656 1171 armis
1694 1113 1877 1188 erat,
1921 1098 2141 1171 dilata
2176 1114 2303 1171 est.
2352 1105 2490 1173 Res
2523 1099 2621 1171 ad

494 1210 876 1281 Camillum
897 1208 1273 1306 tribunum
1291 1210 1604 1282 militum
1622 1210 1982 1282 consulari
1998 1224 2353 1308 potestate
2370 1211 2616 1283 rediit:

491 1319 782 1419 collegae
815 1322 1039 1392 additi
1081 1322 1437 1418 quinque,
1476 1326 1625 1393 Ser.
1657 1320 2036 1394 Cornelius
2068 1319 2619 1417 Maluginensis,

377 1423 386 1438 ’
492 1434 582 1523 Q.
605 1433 944 1504 Servilius
963 1432 1267 1504 Fidenas
1298 1447 1614 1521 sextum,
1645 1438 1725 1503 L.
1752 1432 2095 1523 Quintius
2122 1430 2618 1519 Cincinnatus,

493 1545 576 1612 L.
607 1543 944 1613 Horatius
966 1542 1308 1613 Pulvillus
1324 1596 1344 1631 ,
1377 1543 1806 1615 P.Valerius.
1842 1541 2200 1638 Principio
2227 1541 2401 1611 anni
2430 1564 2620 1612 aver·

493 1676 587 1720 sae
622 1675 810 1721 curae
845 1650 1227 1724 hominum
1255 1666 1425 1722 sunt
1453 1677 1495 1723 a
1523 1651 1721 1725 hello
1751 1665 2071 1738 etrusco,
2106 1650 2311 1748 quod
2336 1647 2616 1746 fugien-

493 1760 677 1831 tium
734 1785 824 1832 ex
883 1785 1056 1860 agro
1107 1763 1487 1860 pomptino
1544 1787 1802 1860 agmen
1861 1775 2160 1862 repente
2218 1761 2511 1852 illatumv
2541 1761 2616 1830 in

490 1869 767 1943 Urbem
800 1873 1071 1962 attulit,
1112 1874 1432 1945 Antiates
1465 1874 1544 1943 in
1571 1875 1784 1944 armis
1820 1897 1974 1945 esse
1990 1928 2010 1961 ,
2051 1872 2617 1969 Latinorumque

488 1983 806 2080 populos
845 1984 1305 2080 juventutem
1352 1982 1767 2055 submisisse
1789 1994 1809 2026 ¹
1881 1983 1972 2055 ad
2021 1983 2098 2054 id
2145 1982 2423 2055 bellum
2455 2011 2474 2074 ;
2528 2008 2618 2054 eo

490 2091 895 2166 abnuentes
913 2149 933 2182 ,
963 2093 1338 2191 publicum
1363 2092 1579 2170 fuisse
1604 2094 2016 2182 consilium,
2045 2092 2248 2190 quod
2270 2117 2422 2164 non
2449 2116 2619 2190 pro·

491 2201 761 2275 hibitos
825 2202 1335 2276 tantummodo
1389 2202 1835 2275 voluntarios
1895 2202 2217 2274 dicerent
2276 2201 2620 2291 militare,

489 2311 622 2383 ubi
646 2313 938 2384 vellent.
971 2313 1351 2384 Desierant
1369 2314 1519 2408 jam
1556 2314 1701 2385 ulla
1726 2314 2096 2386 contemni
2119 2311 2339 2408 bella3
2370 2311 2620 2408 itaque

490 2438 783 2494 senatus
808 2422 943 2494 diis
966 2447 1176 2519 agere
1199 2425 1488 2521 gratias,
1517 2425 1720 2522 quod
1738 2425 2076 2506 Camillus
2099 2421 2177 2495 in
2197 2423 2618 2522 magistratu

490 2544 676 2601 esset
705 2556 721 2599 ε
754 2529 1180 2601 dictatorem
1209 2534 1484 2631 quippe
1513 2533 1903 2606 dicendum
1928 2559 2096 2607 eum
2124 2533 2341 2606 fuisse
2359 2587 2378 2623 ,
2399 2534 2458 2604 si
2481 2533 2620 2629 pri·

488 2653 696 2710 vatus
721 2654 941 2711 esset:
975 2655 1048 2711 et
1076 2641 1364 2740 collegae
1388 2642 1597 2715 fateri
1614 2699 1634 2732 ,
1660 2650 1974 2743 regimen
1997 2649 2322 2718 omnium
2345 2667 2614 2728 terum,

490 2751 620 2823 ubi
654 2751 840 2850 quid
865 2752 1103 2824 bellici
1130 2751 1412 2826 terion&
1454 2759 1777 2853 it'zgruat,
1822 2762 1896 2828 in
1922 2763 2080 2828 viro
2109 2779 2256 2826 uno
2286 2778 2483 2825 esse:
2517 2758 2615 2823 si-

486 2954 549 3001 ud
566 2956 617 3013 Ι,
639 2946 724 3013 43,
740 2971 791 3001 ιι.
811 2971 977 3004 22.—-
990 2955 1270 3014 Amiensis,
1296 2956 1357 3005 al.
1377 2955 1507 3005 Nar-
1593 2960 1798 3018 misisse,
1824 2960 1960 3028 quod
1979 2957 2200 3025 plerique
2222 2964 2447 3015 tuentur,
2474 2968 2523 3004 et
2541 2952 2620 3002 in-

485 3032 676 3080 niensis.
689 3033 871 3081 Eadem
888 3036 1095 3083 varietas
1111 3047 1184 3085 est
1195 3038 1402 3096 xxm,
1422 3036 1505 3096 37,
1591 3039 1763 3103 primis
1800 3039 1972 3087 Nostri
1995 3055 2008 3088 :
2048 3055 2142 3087 nec
2184 3037 2363 3086 desunt
2406 3035 2617 3101 plurima

483 3127 536 3158 ιι.
560 3127 609 3170 7.
635 3111 817 3160 Confer
836 3112 897 3161 de
913 3113 1085 3162 harum
1106 3114 1323 3162 tribuum
1344 3115 1505 3161 nomi·

456 3204 466 3214 ·
484 3189 631 3236 nibus
649 3190 896 3240 Drakenb.
916 3193 979 3239 ad
996 3193 1127 3239 hunc
1153 3192 1343 3250 locum,
1368 3203 1417 3240 et
1443 3193 1504 3240 de

485 3267 716 3315 Amiensi
743 3269 878 3317 tribu
904 3271 1050 3318 etiam
1072 3272 1262 3318 Manat.
1296 3270 1356 3317 de
1388 3271 1499 3321 civ.

483 3361 606 3395 rom.
632 3364 684 3412 p.
714 3348 810 3406 26,
844 3348 921 3397 ed.
953 3344 1117 3397 Graev.
1136 3347 1191 3394 in
1213 3347 1358 3396 Thes.
1381 3349 1500 3398 Ant.

395 3489 420 3495 ί
483 3441 632 3485 rom.;
663 3427 867 3480 Panvin.
895 3427 956 3474 de
979 3428 1087 3476 civ.
1114 3442 1237 3475 rom.
1272 3444 1379 3493 cap.
1409 3429 1501 3488 50,

481 3521 592 3571 pag.
622 3520 752 3567 2793
779 3504 918 3567 Pigh.
946 3505 999 3551 in
1031 3505 1210 3553 Annal-
1232 3505 1295 3553 ad
1318 3523 1501 3556 annum

484 3583 612 3647 549,
635 3601 686 3648 p.
711 3598 839 3643 2173
866 3593 916 3630 et
940 3585 1109 3649 Intpp.
1136 3585 1293 3638 Cicer.
1320 3587 1497 3650 Agrar.

479 3665 555 3721 H,
584 3679 669 3726 ²9·

551 3742 673 3790 Cn·-
693 3742 783 3789 VI.
811 3757 855 3789 1.
879 3744 1180 3791 Iuventatem
1202 3742 1496 3802 submisisse,

480 3818 701 3866 subsidio
723 3820 910 3869 misisse
924 3855 940 3881 ,
962 3833 1012 3869 et
1027 3821 1080 3871 h.
1101 3822 1135 3870 1.
1156 3823 1306 3881 clam,
1334 3834 1389 3871 ut
1408 3838 1499 3871 nos

481 3896 723 3947 dicimus:
762 3911 903 3947 unter
935 3900 1024 3946 der
1054 3900 1210 3948 Hand
1241 3899 1461 3948 schikken
1477 3937 1494 3959 ,

483 3975 665 4023 Stroth.
685 4004 756 4013 —·
772 3976 989 4039 Antiqua
1011 3977 1185 4037 lectio,
1197 3978 1498 4042 juventutem

477 4068 619 4101 suam
642 4053 837 4102 metisse.
854 4056 1151 4106 Rnluims.
1172 4057 1373 4106 Rectius
1389 4059 1498 4105 sub-

1590 3117 1737 3179 huJus
1778 3117 2045 3166 locutionis
2087 3117 2306 3182 exempla
2320 3107 2344 3176 3*
2366 3132 2417 3163 v.
2446 3131 2490 3163 e.
2523 3113 2617 3163 lib.

1592 3190 1775 3247 XLIV,
1798 3205 1905 3253 cap.
1936 3197 1995 3247 4,
2023 3203 2112 3234 nee
2139 3188 2285 3235 auxit
2309 3186 2508 3250 copias,
2541 3183 2616 3232 in-

1593 3279 1749 3332 tegros
1767 3266 1914 3332 fessis
1951 3265 2291 3314 submittendo.
2332 3265 2454 3314 Caes.
2492 3263 2618 3315 Bell.

1592 3346 1719 3395 Gall.
1752 3347 1838 3395 lib.
1857 3348 1985 3407 VII,
2022 3361 2130 3410 cap.
2165 3344 2257 3403 85,
2297 3343 2475 3399 Caesar,
2509 3341 2617 3389 ido-

1592 3439 1734 3474 neum
1768 3425 1926 3472 Iocum
1950 3436 2122 3472 nactus
2136 3458 2153 3480 ,
2193 3422 2318 3488 quid
2338 3437 2533 3487 quaque
2562 3419 2619 3467 ἰιι

1579 3516 1731 3568 parte
1740 3516 1960 3569 geratur,
1983 3501 2256 3569 cognoscit,
2284 3499 2619 3548 laborantibus

1589 3582 1837 3630 submittit.
1875 3582 2158 3629 submittere
2193 3580 2337 3628 etiam
2379 3591 2454 3627 est
2490 3578 2614 3627 clam

1590 3662 1783 3724 mittere
1797 3696 1812 3720 ,
1839 3660 1973 3726 apud
1995 3660 2217 3709 Frbntin.
2242 3658 2331 3707 lib.
2355 3660 2406 3706 11
2425 3692 2442 3717 ,
2470 3660 2616 3707 Strat.

1590 3757 1697 3806 cap.
1729 3741 1776 3801 5,
1807 3751 1930 3790 extr.
1958 3741 2049 3799 38,
2076 3751 2126 3787 et
2145 3739 2293 3798 alibi3
2319 3738 2424 3787 Cic.
2452 3738 2542 3787 lib.
2561 3739 2616 3798 1,

1586 3820 1641 3882 in
1666 3822 1808 3868 verr.
1843 3835 1950 3885 cap.
1987 3827 2070 3875 41.
2096 3820 2190 3866 En.
2221 3847 2291 3855 -—-
2324 3818 2433 3875 Eo,
2470 3815 2616 3876 ideo,

1588 3899 1874 3955 abnuentes,
1897 3896 2035 3962 quod
2042 3896 2259 3946 dicerent
2269 3932 2285 3955 ,
2305 3894 2616 3945 voluntarios

1588 3976 1924 4026 tantummodo
1953 3974 2163 4024 militare
2191 3993 2288 4025 non
2309 3974 2612 4041 prohibitos,

1590 4056 1674 4104 ubi
1692 4056 1878 4120 vellent
1899 4053 2121 4103 militare.
