3000 4717
2365 376 2414 413 Δ.
2439 372 2487 413 C.
2517 374 2612 415 350.

543 384 683 483 374
1388 394 1460 461 T.
1528 392 1795 461 [ΠΗ
2362 433 2418 473 η.
2439 435 2488 474 c.
2514 440 2610 484 ⁴...

513 511 1113 583 .sium‘Romanis
1166 535 1399 608 poenae
1451 513 1780 584 hostibus
1829 511 2211 583 redditum.
2274 518 2415 585 Res
2464 514 2667 586 bello

543 616 732 688 bene
771 634 1012 714 gestae,
1051 635 1134 691 ut
1165 625 1516 694 Samnites
1555 648 1851 726 quoque
1890 625 2268 693 amicitiam
2307 640 2664 720 peterent,

546 726 965 800 effecerunt.
1009 733 1291 829 Legatis
1324 758 1580 804 eorum
1614 735 1913 804 comiter
1956 732 2046 803 ab
2085 729 2339 814 senatu
2366 758 2664 831 respon-

539 862 702 908 sum
737 866 751 906 :
787 838 1054 911 foedere
1095 844 1172 911 in
1203 844 1617 914 societatem
1641 845 2127 940 accepti.·Non
2159 842 2411 913 eadem
2436 845 2660 932 domi,

544 975 704 1047 quae
754 953 1052 1041 militiae,
1102 952 1390 1024 fortuna
1435 969 1586 1025 erat
1642 953 1838 1052 plebi
1879 978 2445 1041 romanae3nam
2488 955 2658 1039 etsi,

544 1064 864 1133 unciario
908 1062 1152 1133 seuere
1190 1062 1377 1133 fa‘cto
1399 1075 1454 1150 ²,
1500 1065 1728 1134 levata
1771 1088 1990 1133 usura
2038 1077 2218 1148 erat,
2273 1075 2463 1131 sorte
2505 1063 2662 1158 ipsa

545 1169 1040 1243 obruebantur
1059 1171 1376 1270 inopes3,
1394 1199 1809 1271 nexumque
1834 1171 2155 1270 inibant,
2178 1197 2265 1242 eo
2293 1196 2428 1242 nec
2454 1173 2665 1268 patri-

543 1283 690 1351 cios
714 1282 929 1354 ambo
962 1283 1323 1372 consuleS‚
1355 1309 1597 1380 neque
1627 1285 2079 1354 comitiorum
2108 1307 2388 1367 curam,
2418 1281 2660 1380 publi-

543 1415 710 1463 cave
741 1393 975 1463 studia
999 1419 1142 1491 prae
1175 1396 1465 1491 privatis
1492 1391 1966 1463 incommodis
1995 1391 2200 1490 plebs
2224 1372 2314 1461 αδ
2340 1393 2658 1460 animum

528 1501 984 1605 admittebat.
1019 1504 1452 1575 Consulatus
1478 1519 1784 1601 uterque
1813 1502 2003 1601 apud
2034 1503 2371 1601 patricios
2394 1515 2659 1572 manet.

541 1614 888 1683 Consules
918 1617 1134 1685 creati
1167 1620 1244 1685 C.
1279 1615 1632 1713 Sulpicius
1668 1616 1947 1685 Peticus
1985 1628 2325 1710 quartum
2346 1668 2364 1701 ,
2398 1617 2494 1684 M.
2526 1618 2662 1684 Va-

483 1817 504 1826 *
523 1721 759 1840 ³:lerius
793 1722 1159 1794 Publicola
1187 1727 1473 1795 iterum.
1505 1731 1589 1795 In
1613 1724 1886 1796 bellum
1913 1738 2277 1796 etruscum
2307 1725 2658 1793 intentam

540 1832 893 1901 civitatem
916 1889 933 1920 ‚
974 1835 1141 1929 quia
1180 1836 1508 1905 Caeritem
1549 1834 1903 1931 populum
1947 1830 2431 1902 misericordia
2476 1855 2656 1900 con-

540 1944 1030 2038 sanguinitatis
1052 1941 1689 2040 Tarquiniensibus
1709 1943 2128 2037 adjunctum
2153 1938 2338 2038 fama
2358 1937 2653 2028 ferebat,

538 2051 983 2150 legati-latini
1021 2053 1109 2124 ad
1137 2054 1436 2126 Volscos
1469 2067 1924 2141 convertere,
1965 2051 2418 2136 nuntiantes,
2457 2073 2652 2119 exer·

540 2165 761 2233 citum
793 2167 1279 2261 conscriptum
1315 2178 1813 2258 armatumque
1844 2163 1992 2257 jam
2033 2163 2176 2232 suis
2211 2158 2476 2230 finibus
2516 2162 2653 2228 im-

539 2274 813 2342 minere
845 2301 859 2341 :
898 2273 1065 2343 inde
1094 2271 1655 2369 populabundos
1680 2273 1756 2340 in
1790 2296 2039 2369 agrum
2073 2294 2452 2342 romanum
2481 2295 2655 2340 ven·
2756 2287 2767 2294 ·

540 2395 738 2451 turos
754 2406 928 2451 esse.
942 2383 1235 2452 Censuit
1252 2384 1467 2479 igitur
1482 2395 1729 2451 senatu
1738 2395 2137 2466 S,neutram
2154 2379 2650 2477 negligendam

537 2515 691 2559 rem
731 2516 881 2560 esse
928 2518 941 2557 :
988 2505 1302 2586 utroque
1339 2490 1659 2587 legiones
1701 2489 1945 2577 scribi,
1986 2490 2647 2585 consulesquesor-

540 2600 655 2668 tiri
713 2601 1115 2697 provincias
1159 2600 1392 2694 jussit.
1464 2600 1844 2670 Inclinavit
1896 2597 2160 2669 deinde
2207 2622 2372 2694 pars
2420 2596 2651 2689 major

539 2735 727 2780 curae
784 2711 859 2780 in
912 2725 1274 2802 etruscum
1319 2710 1627 2798 bellum3
1677 2722 2060 2805 postquam
2099 2708 2334 2778 literis.
2361 2705 2654 2801 Sulpicii

540 2821 855 2891 consulis
874 2823 1032 2922 ,cui
1056 2821 1822 2918 Tarquiniiprovincia
1851 2833 2186 2888 evenerat
2204 2821 2258 2905 4,
2283 2816 2651 2913 cognitum

541 2947 681 3019 est,
725 2932 1244 3030 depopulatum
1281 2957 1529 3028 agrum
1564 2932 1748 3000 circa
1781 2952 2114 2998 romanas
2151 2927 2438 3014 salinas,
2475 2950 2651 3022 prae-

608 3147 653 3176 2.
693 3129 918 3177 Unciario
929 3128 1255 3194 finerefaoto
1270 3164 1287 3186 ,
1317 3141 1407 3177 etc.
1432 3107 1546 3176 vide
1633 3143 1775 3190 quam
1817 3126 2060 3174 debebant
2077 3162 2091 3187 ‚
2127 3127 2181 3173 in
2213 3126 2443 3173 servitute
2463 3124 2649 3189 pxaebe-

536 3209 597 3255 ad
624 3225 729 3271 cap.
761 3209 822 3254 16
838 3241 853 3265 ,
881 3224 930 3254 n.
961 3224 1005 3258 1.
1631 3206 1776 3263 bant,
1801 3216 1923 3252 teste
1934 3208 2155 3252 Varrone
2174 3204 2236 3251 de
2252 3205 2372 3268 ling.
2389 3204 2573 3261 lat.v1,
2596 3219 2649 3265 p·

611 3281 655 3326 3.
689 3280 825 3324 Sorte
850 3278 957 3341 ipsa
988 3278 1312 3325 obruebantur
1345 3277 1508 3342 inopes
1525 3313 1541 3334 ,

535 3358 647 3405 vide
667 3357 728 3403 ad
755 3359 830 3415 II,
857 3359 949 3415 23,
967 3373 1015 3403 n.
1044 3372 1063 3401 1
1083 3373 1096 3415 ;
1116 3357 1278 3415 etv1‚
1313 3364 1373 3410 14
1391 3390 1404 3415 ,
1429 3350 1478 3402 n.
1495 3357 1544 3403 6.

533 3440 663 3486 Ante
697 3448 823 3483 sorte
852 3429 1007 3482 intell.
1044 3445 1231 3490 tannen,
1272 3434 1406 3496 quod
1430 3446 1546 3497 post

534 3517 645 3573 etsi,
676 3527 972 3579 quamquam
989 3547 1004 3569 ‚
1034 3510 1251 3574 quidem,
1285 3523 1376 3559 eto.
1401 3514 1544 3560 omit—

534 3608 635 3645 tere
652 3605 778 3642 amat
797 3592 986 3649 Livius,
1013 3589 1126 3636 vide
1139 3606 1245 3654 cap.
1260 3592 1428 3650 XXV,
1449 3592 1514 3639 35
1529 3628 1544 3651 ,

535 3691 586 3723 n.
618 3692 634 3720 1
653 3690 667 3732 ς
686 3672 990 3728 XXXVIII,
1014 3684 1075 3730 93
1098 3671 1238 3727 XLI,
1261 3671 1350 3729 183
1374 3681 1422 3717 et
1437 3671 1545 3723 aliis

533 3755 656 3800 locis
670 3787 684 3811 ,
731 3749 907 3814 quibus
952 3747 1236 3812 plerumque
1279 3746 1402 3795 illud
1425 3749 1547 3810 adji-

536 3833 672 3878 ciunt
690 3830 799 3878 edd.
815 3864 828 3887 ,
846 3844 948 3875 non
957 3828 1098 3876 MSS.
1118 3827 1297 3877 Confer
1314 3829 1462 3877 Drak.
1482 3829 1547 3876 ad

537 3912 719 3967 XXII,
747 3923 839 3966 20,
865 3924 914 3953 n.
947 3922 1002 3965 13
1029 3918 1078 3953 et
1094 3907 1345 3964 XXXVI,
1368 3909 1458 3966 38,
1491 3923 1542 3953 n.

541 4003 587 4045 7.
617 3987 803 4032 Similes
820 3985 1011 4049 ellipses
1032 3984 1198 4031 notavi
1220 3984 1282 4030 ad
1299 3987 1323 4030 I
1335 4019 1349 4043 ,
1377 3993 1443 4039 4ο
1457 4019 1471 4043 ,
1493 4002 1542 4032 ιι.

540 4080 583 4108 1.
623 4089 691 4097 -—-
737 4064 1023 4124 Nexumque
1067 4062 1255 4108 inibant
1303 4074 1352 4110 et
1392 4064 1546 4111 vincti

533 4138 667 4205 apud
684 4139 971 4194 creditores,
1001 4153 1285 4202 operas-pro
1311 4143 1544 4204 pecunia,

1635 3284 1717 3330 82.
1739 3284 1827 3330 En.
1852 3310 1923 3320 —-
1945 3285 2045 3341 Eo,
2077 3284 2191 3332 ideo
2215 3282 2362 3349 (vide
2386 3282 2447 3330 ad
2473 3285 2526 3340 I,
2562 3296 2651 3339 11,

1632 3378 1684 3409 n.
1706 3360 1784 3426 6),
1807 3378 1895 3410 nec
1898 3362 2136 3426 patricios
2152 3361 2326 3425 ambo(
2341 3361 2454 3408 vide
2467 3360 2529 3407 ad
2546 3361 2622 3405 III
2633 3392 2652 3417 ,

1636 3442 1698 3489 62
1717 3474 1731 3498 ,
1759 3457 1807 3487 ιι.
1848 3438 1905 3504 4)
1939 3442 2177 3497 consules,
2218 3452 2314 3487 etc.
2340 3439 2391 3486 h.
2417 3456 2459 3487 e.
2486 3454 2649 3485 curam

1634 3520 1910 3567 consulatus
1925 3553 1939 3576 ‚
1966 3519 2029 3566 ad
2057 3535 2199 3582 quem
2222 3519 2416 3582 patricii
2441 3517 2651 3580 adspira-

1632 3598 1775 3655 bant,
1812 3597 2121 3645 comitiorum
2155 3597 2451 3660 aliarumque
2490 3610 2650 3642 rerum

1632 3676 1933 3739 publicarum
1955 3693 2062 3739 proe
2076 3675 2283 3741 privatis
2307 3673 2645 3730 incommodis,

1633 3764 1835 3819 propter
1862 3770 1917 3801 ea
1951 3753 2099 3819 (vide
2125 3755 2188 3801 ad
2208 3756 2307 3813 VI,
2347 3762 2438 3811 4ο,
2474 3770 2525 3801 ιι.
2561 3752 2647 3816 1),

1624 3833 1762 3896 plebs
1788 3832 1862 3879 ad
1879 3832 2093 3880 animum
2117 3833 2420 3880 admittebat.

1706 3918 1752 3965 4.
1771 3910 1861 3958 Cui
1874 3911 2129 3975 Tarquinii
2130 3912 2388 3975 provincia
2402 3921 2645 3965 evenerat,

1632 3988 1744 4036 vide
1761 3989 1823 4036 ad
1841 3992 1890 4036 ΙΙ
1909 4023 1925 4049 ,
1955 3998 2045 4046 4ο,
2074 4007 2124 4037 ιι.
2145 4007 2192 4052 9.
2208 3989 2651 4054 —Depopulatum

1633 4083 1804 4132 agrum
1824 4068 1956 4115 circa
1979 4085 2206 4115 romanas
2223 4068 2430 4124 salinas,
2453 4068 2566 4115 vide
2586 4067 2653 4113 ad

1632 4146 1810 4192 librum
1831 4148 1895 4204 V,
1926 4163 2035 4210 cap.
2065 4149 2154 4205 45,
2182 4164 2230 4193 n.
2260 4149 2303 4193 3.
