<?xml version="1.0" encoding="UTF-8"?>
<!DOCTYPE html PUBLIC "-//W3C//DTD XHTML 1.0 Transitional//EN"
    "http://www.w3.org/TR/xhtml1/DTD/xhtml1-transitional.dtd">
<html xmlns="http://www.w3.org/1999/xhtml" xml:lang="en" lang="en">
 <head>
  <title>
</title>
<meta http-equiv="Content-Type" content="text/html;charset=utf-8" />
  <meta name='ocr-system' content='tesseract 3.04.00' />
  <meta name='ocr-capabilities' content='ocr_page ocr_carea ocr_par ocr_line ocrx_word'/>
</head>
<body>
  <div class='ocr_page' id='page_1' title='image "./titusliviuspata00unkngoog_0169.png"; bbox 0 0 3000 4717; ppageno 0'>
   <div class='ocr_carea' id='block_1_1' title="bbox 418 394 2544 636">
    <p class='ocr_par' dir='ltr' id='par_1_1' title="bbox 418 394 2544 636">
     <span class='ocr_line' id='line_1_1' title="bbox 469 394 2541 510; baseline -0.005 -14"><span class='ocrx_word' id='word_1_1' title='bbox 469 394 712 510; x_wconf 55' lang='lat'><strong>2:51323:</strong></span> <span class='ocrx_word' id='word_1_2' title='bbox 973 417 1301 486; x_wconf 85' lang='lat' dir='ltr'>LIBER</span> <span class='ocrx_word' id='word_1_3' title='bbox 1349 419 1433 486; x_wconf 86' lang='lat' dir='ltr'><strong>v.</strong></span> <span class='ocrx_word' id='word_1_4' title='bbox 1492 418 1710 486; x_wconf 83' lang='lat' dir='ltr'><strong>cAP.</strong></span> <span class='ocrx_word' id='word_1_5' title='bbox 1766 420 1980 485; x_wconf 74' lang='lat' dir='ltr'><strong>xxi.</strong></span> <span class='ocrx_word' id='word_1_6' title='bbox 2078 478 2083 485; x_wconf 86' lang='grc'><strong><em>,</em></strong></span> <span class='ocrx_word' id='word_1_7' title='bbox 2414 414 2541 486; x_wconf 78' lang='lat'><strong>165</strong></span> 
     </span>
     <span class='ocr_line' id='line_1_2' title="bbox 418 538 2544 636; baseline -0.001 -26"><span class='ocrx_word' id='word_1_8' title='bbox 418 540 723 611; x_wconf 90' lang='lat' dir='ltr'><strong>claustra</strong></span> <span class='ocrx_word' id='word_1_9' title='bbox 773 551 1146 636; x_wconf 89' lang='lat' dir='ltr'><strong>portarum</strong></span> <span class='ocrx_word' id='word_1_10' title='bbox 1195 538 1551 610; x_wconf 85' lang='lat' dir='ltr'>revellunt</span> <span class='ocrx_word' id='word_1_11' title='bbox 1594 567 1609 608; x_wconf 73' lang='grc' dir='ltr'><strong>ε</strong></span> <span class='ocrx_word' id='word_1_12' title='bbox 1657 563 1861 636; x_wconf 81' lang='lat' dir='ltr'><strong>pars,</strong></span> <span class='ocrx_word' id='word_1_13' title='bbox 1901 563 2130 635; x_wconf 89' lang='lat' dir='ltr'><strong>quum</strong></span> <span class='ocrx_word' id='word_1_14' title='bbox 2195 551 2283 609; x_wconf 82' lang='lat' dir='ltr'><strong>ex</strong></span> <span class='ocrx_word' id='word_1_15' title='bbox 2336 541 2544 610; x_wconf 89' lang='lat' dir='ltr'><strong>tectis</strong></span> 
     </span>
    </p>
   </div>
   <div class='ocr_carea' id='block_1_2' title="bbox 371 648 2539 746">
    <p class='ocr_par' dir='ltr' id='par_1_2' title="bbox 371 648 2539 746">
     <span class='ocr_line' id='line_1_3' title="bbox 371 648 2539 746; baseline 0 -27"><span class='ocrx_word' id='word_1_16' title='bbox 371 730 386 735; x_wconf 52' lang='lat'><strong>„</strong></span> <span class='ocrx_word' id='word_1_17' title='bbox 416 674 582 720; x_wconf 85' lang='lat' dir='ltr'><strong>saxa</strong></span> <span class='ocrx_word' id='word_1_18' title='bbox 619 650 1017 746; x_wconf 68' lang='lat' dir='ltr'><strong>tegulaeque</strong></span> <span class='ocrx_word' id='word_1_19' title='bbox 1072 673 1111 719; x_wconf 89' lang='lat' dir='ltr'><strong>a</strong></span> <span class='ocrx_word' id='word_1_20' title='bbox 1153 648 1577 721; x_wconf 88' lang='lat' dir='ltr'><strong>mulieribus</strong></span> <span class='ocrx_word' id='word_1_21' title='bbox 1619 673 1700 719; x_wconf 88' lang='lat' dir='ltr'><strong>ac</strong></span> <span class='ocrx_word' id='word_1_22' title='bbox 1752 650 2054 720; x_wconf 88' lang='lat' dir='ltr'><strong>servitiis</strong></span> <span class='ocrx_word' id='word_1_23' title='bbox 2093 649 2539 742; x_wconf 84' lang='lat' dir='ltr'><strong>jacerentur,</strong></span> 
     </span>
    </p>
   </div>
   <div class='ocr_carea' id='block_1_3' title="bbox 410 759 2546 1302">
    <p class='ocr_par' dir='ltr' id='par_1_3' title="bbox 410 759 2546 1302">
     <span class='ocr_line' id='line_1_4' title="bbox 416 759 2544 857; baseline 0 -27"><span class='ocrx_word' id='word_1_24' title='bbox 416 759 741 832; x_wconf 87' lang='lat' dir='ltr'><strong>inferunt</strong></span> <span class='ocrx_word' id='word_1_25' title='bbox 793 761 1014 857; x_wconf 87' lang='lat' dir='ltr'><strong>ignes.</strong></span> <span class='ocrx_word' id='word_1_26' title='bbox 1079 761 1402 835; x_wconf 64' lang='lat' dir='ltr'><strong>CI‘amom</strong></span> <span class='ocrx_word' id='word_1_27' title='bbox 1428 762 1672 830; x_wconf 90' lang='lat' dir='ltr'><strong>omnia</strong></span> <span class='ocrx_word' id='word_1_28' title='bbox 1722 761 1929 830; x_wconf 87' lang='lat' dir='ltr'><strong>variis</strong></span> <span class='ocrx_word' id='word_1_29' title='bbox 1979 762 2407 831; x_wconf 71' lang='lat' dir='ltr'><strong>terrentium</strong></span> <span class='ocrx_word' id='word_1_30' title='bbox 2461 784 2544 830; x_wconf 87' lang='lat' dir='ltr'><strong>ac</strong></span> 
     </span>
     <span class='ocr_line' id='line_1_5' title="bbox 416 868 2544 969; baseline -0.002 -27"><span class='ocrx_word' id='word_1_31' title='bbox 416 873 831 969; x_wconf 89' lang='lat' dir='ltr'><strong>paventium</strong></span> <span class='ocrx_word' id='word_1_32' title='bbox 886 868 1218 958; x_wconf 81' lang='lat' dir='ltr'><strong>vocibuS‚</strong></span> <span class='ocrx_word' id='word_1_33' title='bbox 1256 872 1483 940; x_wconf 86' lang='lat' dir='ltr'><strong>mixto</strong></span> <span class='ocrx_word' id='word_1_34' title='bbox 1550 869 1935 940; x_wconf 85' lang='lat' dir='ltr'><strong>mulierum</strong></span> <span class='ocrx_word' id='word_1_35' title='bbox 1998 894 2080 939; x_wconf 87' lang='lat' dir='ltr'><strong>ac</strong></span> <span class='ocrx_word' id='word_1_36' title='bbox 2148 880 2544 966; x_wconf 87' lang='lat' dir='ltr'><strong>puerorum</strong></span> 
     </span>
     <span class='ocr_line' id='line_1_6' title="bbox 415 979 2545 1079; baseline -0.002 -28"><span class='ocrx_word' id='word_1_37' title='bbox 415 982 705 1079; x_wconf 90' lang='lat' dir='ltr'><strong>ploratu</strong></span> <span class='ocrx_word' id='word_1_38' title='bbox 728 1037 746 1072; x_wconf 89' lang='lat'>‚</span> <span class='ocrx_word' id='word_1_39' title='bbox 810 982 1144 1079; x_wconf 87' lang='lat' dir='ltr'><strong>complet.</strong></span> <span class='ocrx_word' id='word_1_40' title='bbox 1215 986 1590 1053; x_wconf 88' lang='lat' dir='ltr'><strong>Momento</strong></span> <span class='ocrx_word' id='word_1_41' title='bbox 1669 981 2016 1077; x_wconf 90' lang='lat' dir='ltr'><strong>temporis</strong></span> <span class='ocrx_word' id='word_1_42' title='bbox 2087 979 2386 1073; x_wconf 85' lang='lat' dir='ltr'><strong>dejectis</strong></span> <span class='ocrx_word' id='word_1_43' title='bbox 2455 1004 2545 1048; x_wconf 80' lang='lat' dir='ltr'><strong>ex</strong></span> 
     </span>
     <span class='ocr_line' id='line_1_7' title="bbox 410 1087 2546 1190; baseline -0.003 -28"><span class='ocrx_word' id='word_1_44' title='bbox 410 1117 625 1165; x_wconf 88' lang='lat' dir='ltr'><strong>muro</strong></span> <span class='ocrx_word' id='word_1_45' title='bbox 678 1092 1002 1190; x_wconf 88' lang='lat' dir='ltr'><strong>undique</strong></span> <span class='ocrx_word' id='word_1_46' title='bbox 1056 1087 1382 1179; x_wconf 84' lang='lat' dir='ltr'><strong>armatis,</strong></span> <span class='ocrx_word' id='word_1_47' title='bbox 1424 1090 1945 1190; x_wconf 83' lang='lat' dir='ltr'><strong>patefactisque</strong></span> <span class='ocrx_word' id='word_1_48' title='bbox 2001 1089 2230 1186; x_wconf 88' lang='lat' dir='ltr'><strong>portis</strong></span> <span class='ocrx_word' id='word_1_49' title='bbox 2248 1144 2267 1175; x_wconf 89' lang='lat'>,</span> <span class='ocrx_word' id='word_1_50' title='bbox 2315 1112 2546 1184; x_wconf 89' lang='lat' dir='ltr'><strong>quum</strong></span> 
     </span>
     <span class='ocr_line' id='line_1_8' title="bbox 415 1198 2546 1302; baseline -0.003 -28"><span class='ocrx_word' id='word_1_51' title='bbox 415 1204 535 1275; x_wconf 90' lang='lat' dir='ltr'><strong>alii</strong></span> <span class='ocrx_word' id='word_1_52' title='bbox 568 1205 851 1302; x_wconf 84' lang='lat' dir='ltr'><strong>agmine</strong></span> <span class='ocrx_word' id='word_1_53' title='bbox 882 1206 1278 1293; x_wconf 84' lang='lat' dir='ltr'><strong>irruerent,</strong></span> <span class='ocrx_word' id='word_1_54' title='bbox 1317 1203 1435 1273; x_wconf 89' lang='lat' dir='ltr'><strong>alii</strong></span> <span class='ocrx_word' id='word_1_55' title='bbox 1459 1202 1782 1273; x_wconf 89' lang='lat' dir='ltr'><strong>desertos</strong></span> <span class='ocrx_word' id='word_1_56' title='bbox 1812 1198 2242 1271; x_wconf 85' lang='lat' dir='ltr'><strong>scanderent</strong></span> <span class='ocrx_word' id='word_1_57' title='bbox 2260 1222 2546 1285; x_wconf 87' lang='lat' dir='ltr'><strong>muros,</strong></span> 
     </span>
    </p>
   </div>
   <div class='ocr_carea' id='block_1_4' title="bbox 371 1311 2553 1412">
    <p class='ocr_par' dir='ltr' id='par_1_4' title="bbox 371 1311 2553 1412">
     <span class='ocr_line' id='line_1_9' title="bbox 371 1311 2553 1412; baseline -0.002 -28"><span class='ocrx_word' id='word_1_58' title='bbox 371 1357 374 1361; x_wconf 58' lang='lat'>&gt;</span> <span class='ocrx_word' id='word_1_59' title='bbox 414 1311 594 1384; x_wconf 87' lang='lat' dir='ltr'><strong>urbs</strong></span> <span class='ocrx_word' id='word_1_60' title='bbox 628 1313 957 1384; x_wconf 88' lang='lat' dir='ltr'><strong>hostibus</strong></span> <span class='ocrx_word' id='word_1_61' title='bbox 983 1315 1364 1412; x_wconf 88' lang='lat' dir='ltr'><strong>impletur:</strong></span> <span class='ocrx_word' id='word_1_62' title='bbox 1400 1312 1744 1383; x_wconf 86' lang='lat' dir='ltr'><strong>omnibus</strong></span> <span class='ocrx_word' id='word_1_63' title='bbox 1776 1311 1950 1381; x_wconf 89' lang='lat' dir='ltr'><strong>locis</strong></span> <span class='ocrx_word' id='word_1_64' title='bbox 1991 1324 2381 1406; x_wconf 87' lang='lat' dir='ltr'><strong>pugnatur.</strong></span> <span class='ocrx_word' id='word_1_65' title='bbox 2417 1313 2553 1379; x_wconf 90' lang='lat' dir='ltr'><strong>De-</strong></span> 
     </span>
    </p>
   </div>
   <div class='ocr_carea' id='block_1_5' title="bbox 408 1419 2563 2184">
    <p class='ocr_par' dir='ltr' id='par_1_5' title="bbox 408 1419 2563 2184">
     <span class='ocr_line' id='line_1_10' title="bbox 414 1419 2547 1519; baseline -0.003 -25"><span class='ocrx_word' id='word_1_66' title='bbox 414 1424 619 1513; x_wconf 88' lang='lat' dir='ltr'><strong>inde,</strong></span> <span class='ocrx_word' id='word_1_67' title='bbox 657 1426 888 1495; x_wconf 89' lang='lat' dir='ltr'><strong>multa</strong></span> <span class='ocrx_word' id='word_1_68' title='bbox 914 1425 1061 1519; x_wconf 86' lang='lat' dir='ltr'><strong>jam</strong></span> <span class='ocrx_word' id='word_1_69' title='bbox 1101 1423 1292 1496; x_wconf 90' lang='lat' dir='ltr'><strong>edita</strong></span> <span class='ocrx_word' id='word_1_70' title='bbox 1324 1423 1558 1510; x_wconf 85' lang='lat' dir='ltr'><strong>caede,</strong></span> <span class='ocrx_word' id='word_1_71' title='bbox 1596 1422 1906 1493; x_wconf 88' lang='lat' dir='ltr'><strong>senescit</strong></span> <span class='ocrx_word' id='word_1_72' title='bbox 1935 1444 2180 1518; x_wconf 85' lang='lat' dir='ltr'><strong>pugna</strong></span> <span class='ocrx_word' id='word_1_73' title='bbox 2211 1429 2285 1488; x_wconf 84' lang='lat'><strong>9:</strong></span> <span class='ocrx_word' id='word_1_74' title='bbox 2328 1434 2397 1489; x_wconf 96' lang='lat' dir='ltr'><strong>et</strong></span> <span class='ocrx_word' id='word_1_75' title='bbox 2436 1419 2547 1489; x_wconf 90' lang='lat' dir='ltr'><strong>di-</strong></span> 
     </span>
     <span class='ocr_line' id='line_1_11' title="bbox 415 1528 2547 1633; baseline -0.003 -29"><span class='ocrx_word' id='word_1_76' title='bbox 415 1548 644 1605; x_wconf 89' lang='lat' dir='ltr'><strong>ctator</strong></span> <span class='ocrx_word' id='word_1_77' title='bbox 685 1559 1051 1633; x_wconf 79' lang='lat' dir='ltr'><strong>praecones</strong></span> <span class='ocrx_word' id='word_1_78' title='bbox 1102 1534 1385 1605; x_wconf 86' lang='lat' dir='ltr'><strong>edicere</strong></span> <span class='ocrx_word' id='word_1_79' title='bbox 1430 1532 1682 1629; x_wconf 82' lang='lat' dir='ltr'><strong>jubet,</strong></span> <span class='ocrx_word' id='word_1_80' title='bbox 1735 1546 1818 1602; x_wconf 91' lang='lat' dir='ltr'><strong>ut</strong></span> <span class='ocrx_word' id='word_1_81' title='bbox 1873 1529 1975 1603; x_wconf 83' lang='lat' dir='ltr'><strong>ab.</strong></span> <span class='ocrx_word' id='word_1_82' title='bbox 2026 1529 2287 1602; x_wconf 90' lang='lat' dir='ltr'><strong>inermi</strong></span> <span class='ocrx_word' id='word_1_83' title='bbox 2334 1528 2547 1599; x_wconf 86' lang='lat' dir='ltr'><strong>absti-</strong></span> 
     </span>
     <span class='ocr_line' id='line_1_12' title="bbox 414 1640 2548 1741; baseline -0.001 -30"><span class='ocrx_word' id='word_1_84' title='bbox 414 1659 717 1734; x_wconf 87' lang='lat' dir='ltr'><strong>neatur;</strong></span> <span class='ocrx_word' id='word_1_85' title='bbox 770 1646 831 1714; x_wconf 91' lang='lat' dir='ltr'><strong>is</strong></span> <span class='ocrx_word' id='word_1_86' title='bbox 893 1644 1058 1714; x_wconf 88' lang='lat' dir='ltr'><strong>finis</strong></span> <span class='ocrx_word' id='word_1_87' title='bbox 1115 1644 1480 1741; x_wconf 84' lang='lat' dir='ltr'><strong>sanguinis</strong></span> <span class='ocrx_word' id='word_1_88' title='bbox 1542 1641 1697 1715; x_wconf 82' lang='lat' dir='ltr'><strong>fuit.</strong></span> <span class='ocrx_word' id='word_1_89' title='bbox 1764 1641 1953 1713; x_wconf 89' lang='lat' dir='ltr'><strong>Dedi</strong></span> <span class='ocrx_word' id='word_1_90' title='bbox 2007 1640 2177 1711; x_wconf 90' lang='lat' dir='ltr'><strong>inde</strong></span> <span class='ocrx_word' id='word_1_91' title='bbox 2232 1641 2548 1710; x_wconf 89' lang='lat' dir='ltr'><strong>inermes</strong></span> 
     </span>
     <span class='ocr_line' id='line_1_13' title="bbox 417 1749 2548 1853; baseline -0.001 -31"><span class='ocrx_word' id='word_1_92' title='bbox 417 1755 673 1851; x_wconf 87' lang='lat' dir='ltr'><strong>coepti;</strong></span> <span class='ocrx_word' id='word_1_93' title='bbox 712 1768 784 1825; x_wconf 91' lang='lat' dir='ltr'><strong>et</strong></span> <span class='ocrx_word' id='word_1_94' title='bbox 829 1755 922 1825; x_wconf 91' lang='lat' dir='ltr'><strong>ad</strong></span> <span class='ocrx_word' id='word_1_95' title='bbox 968 1749 1285 1853; x_wconf 82' lang='lat' dir='ltr'><strong>praedam</strong></span> <span class='ocrx_word' id='word_1_96' title='bbox 1321 1755 1527 1838; x_wconf 83' lang='lat' dir='ltr'><strong>miles</strong></span> <span class='ocrx_word' id='word_1_97' title='bbox 1571 1755 1929 1853; x_wconf 89' lang='lat' dir='ltr'><strong>permissu</strong></span> <span class='ocrx_word' id='word_1_98' title='bbox 1982 1750 2350 1822; x_wconf 89' lang='lat' dir='ltr'><strong>dictatoris</strong></span> <span class='ocrx_word' id='word_1_99' title='bbox 2401 1749 2548 1819; x_wconf 90' lang='lat' dir='ltr'><strong>dis-</strong></span> 
     </span>
     <span class='ocr_line' id='line_1_14' title="bbox 418 1862 2546 1962; baseline -0.002 -29"><span class='ocrx_word' id='word_1_100' title='bbox 418 1866 677 1952; x_wconf 80' lang='lat' dir='ltr'><strong>currit3</strong></span> <span class='ocrx_word' id='word_1_101' title='bbox 715 1890 875 1962; x_wconf 85' lang='lat' dir='ltr'><strong>quae</strong></span> <span class='ocrx_word' id='word_1_102' title='bbox 933 1891 1163 1962; x_wconf 91' lang='lat' dir='ltr'><strong>quum</strong></span> <span class='ocrx_word' id='word_1_103' title='bbox 1210 1880 1393 1938; x_wconf 81' lang='lat' dir='ltr'><strong>ante·</strong></span> <span class='ocrx_word' id='word_1_104' title='bbox 1427 1865 1676 1936; x_wconf 91' lang='lat' dir='ltr'><strong>oculos</strong></span> <span class='ocrx_word' id='word_1_105' title='bbox 1733 1863 1886 1958; x_wconf 87' lang='lat' dir='ltr'><strong>ejus</strong></span> <span class='ocrx_word' id='word_1_106' title='bbox 1931 1862 2382 1958; x_wconf 89' lang='lat' dir='ltr'><strong>aliquantum</strong></span> <span class='ocrx_word' id='word_1_107' title='bbox 2421 1883 2546 1957; x_wconf 90' lang='lat' dir='ltr'><strong>spe</strong></span> 
     </span>
     <span class='ocr_line' id='line_1_15' title="bbox 416 1969 2547 2074; baseline -0.002 -29"><span class='ocrx_word' id='word_1_108' title='bbox 416 1988 636 2072; x_wconf 88' lang='lat' dir='ltr'><strong>atque</strong></span> <span class='ocrx_word' id='word_1_109' title='bbox 677 1976 1024 2073; x_wconf 89' lang='lat' dir='ltr'><strong>opinione</strong></span> <span class='ocrx_word' id='word_1_110' title='bbox 1056 1976 1289 2071; x_wconf 87' lang='lat' dir='ltr'><strong>major</strong></span> <span class='ocrx_word' id='word_1_111' title='bbox 1320 1977 1760 2073; x_wconf 83' lang='lat' dir='ltr'><strong>majorisque</strong></span> <span class='ocrx_word' id='word_1_112' title='bbox 1794 1974 2007 2074; x_wconf 90' lang='lat' dir='ltr'><strong>pretii</strong></span> <span class='ocrx_word' id='word_1_113' title='bbox 2034 1997 2282 2044; x_wconf 89' lang='lat' dir='ltr'><strong>rerum</strong></span> <span class='ocrx_word' id='word_1_114' title='bbox 2319 1969 2547 2042; x_wconf 85' lang='lat' dir='ltr'><strong>ferre-</strong></span> 
     </span>
     <span class='ocr_line' id='line_1_16' title="bbox 408 2075 2563 2184; baseline -0.002 -30"><span class='ocrx_word' id='word_1_115' title='bbox 408 2075 572 2170; x_wconf 71' lang='lat' dir='ltr'><strong>tur,</strong></span> <span class='ocrx_word' id='word_1_116' title='bbox 625 2085 891 2156; x_wconf 89' lang='lat' dir='ltr'><strong>dicitur</strong></span> <span class='ocrx_word' id='word_1_117' title='bbox 920 2111 1180 2158; x_wconf 90' lang='lat' dir='ltr'><strong>manus</strong></span> <span class='ocrx_word' id='word_1_118' title='bbox 1223 2087 1314 2158; x_wconf 90' lang='lat' dir='ltr'><strong>ad</strong></span> <span class='ocrx_word' id='word_1_119' title='bbox 1360 2088 1612 2159; x_wconf 85' lang='lat' dir='ltr'><strong>caelum</strong></span> <span class='ocrx_word' id='word_1_120' title='bbox 1652 2087 1918 2158; x_wconf 90' lang='lat' dir='ltr'><strong>tollens</strong></span> <span class='ocrx_word' id='word_1_121' title='bbox 1956 2100 2291 2184; x_wconf 89' lang='lat' dir='ltr'><strong>precatus</strong></span> <span class='ocrx_word' id='word_1_122' title='bbox 2341 2107 2493 2154; x_wconf 90' lang='lat' dir='ltr'><strong>esse</strong></span> <span class='ocrx_word' id='word_1_123' title='bbox 2527 2094 2563 2149; x_wconf 68' lang='grc' dir='ltr'><strong>ε’</strong></span> 
     </span>
    </p>
   </div>
   <div class='ocr_carea' id='block_1_6' title="bbox 355 2197 2548 2297">
    <p class='ocr_par' dir='ltr' id='par_1_6' title="bbox 355 2197 2548 2297">
     <span class='ocr_line' id='line_1_17' title="bbox 355 2197 2548 2297; baseline -0.001 -33"><span class='ocrx_word' id='word_1_124' title='bbox 355 2280 363 2289; x_wconf 25' lang='grc' dir='ltr'><strong>ο</strong></span> <span class='ocrx_word' id='word_1_125' title='bbox 413 2211 526 2282; x_wconf 79' lang='lat' dir='ltr'><strong>at,</strong></span> <span class='ocrx_word' id='word_1_126' title='bbox 563 2203 627 2266; x_wconf 81' lang='lat' dir='ltr'><strong>si</strong></span> <span class='ocrx_word' id='word_1_127' title='bbox 658 2204 778 2267; x_wconf 82' lang='lat' dir='ltr'><strong>cui</strong></span> <span class='ocrx_word' id='word_1_128' title='bbox 802 2198 1103 2269; x_wconf 83' lang='lat' dir='ltr'><strong>deorum</strong></span> <span class='ocrx_word' id='word_1_129' title='bbox 1138 2199 1658 2297; x_wconf 80' lang='lat' dir='ltr'><strong>hominumque</strong></span> <span class='ocrx_word' id='word_1_130' title='bbox 1685 2203 1912 2268; x_wconf 83' lang='lat' dir='ltr'><strong>nimia</strong></span> <span class='ocrx_word' id='word_1_131' title='bbox 1942 2222 2076 2267; x_wconf 83' lang='lat' dir='ltr'><strong>sua</strong></span> <span class='ocrx_word' id='word_1_132' title='bbox 2091 2197 2406 2286; x_wconf 83' lang='lat' dir='ltr'><strong>fortuna</strong></span> <span class='ocrx_word' id='word_1_133' title='bbox 2417 2217 2548 2289; x_wconf 85' lang='lat' dir='ltr'><strong>po·</strong></span> 
     </span>
    </p>
   </div>
   <div class='ocr_carea' id='block_1_7' title="bbox 403 2303 2545 2518">
    <p class='ocr_par' dir='ltr' id='par_1_7' title="bbox 403 2303 2545 2518">
     <span class='ocr_line' id='line_1_18' title="bbox 403 2303 2545 2404; baseline -0.002 -29"><span class='ocrx_word' id='word_1_134' title='bbox 403 2305 705 2404; x_wconf 81' lang='lat' dir='ltr'><strong>pulique</strong></span> <span class='ocrx_word' id='word_1_135' title='bbox 744 2316 1033 2380; x_wconf 80' lang='lat' dir='ltr'><strong>romani</strong></span> <span class='ocrx_word' id='word_1_136' title='bbox 1077 2309 1482 2396; x_wconf 81' lang='lat' dir='ltr'><strong>videretur,</strong></span> <span class='ocrx_word' id='word_1_137' title='bbox 1523 2326 1606 2380; x_wconf 80' lang='lat' dir='ltr'><strong>uc</strong></span> <span class='ocrx_word' id='word_1_138' title='bbox 1642 2335 1804 2380; x_wconf 85' lang='lat' dir='ltr'><strong>eam</strong></span> <span class='ocrx_word' id='word_1_139' title='bbox 1859 2307 2201 2380; x_wconf 73' lang='lat' dir='ltr'><strong>invidiam</strong></span> <span class='ocrx_word' id='word_1_140' title='bbox 2225 2317 2303 2350; x_wconf 65' lang='lat'><strong>¹⁰·</strong></span> <span class='ocrx_word' id='word_1_141' title='bbox 2327 2303 2545 2376; x_wconf 79' lang='lat' dir='ltr'><strong>lenire</strong></span> 
     </span>
     <span class='ocr_line' id='line_1_19' title="bbox 413 2419 2543 2518; baseline 0 -35"><span class='ocrx_word' id='word_1_142' title='bbox 413 2438 643 2507; x_wconf 85' lang='lat' dir='ltr'><strong>quam</strong></span> <span class='ocrx_word' id='word_1_143' title='bbox 665 2422 958 2489; x_wconf 79' lang='lat' dir='ltr'><strong>minimo</strong></span> <span class='ocrx_word' id='word_1_144' title='bbox 975 2444 1126 2490; x_wconf 66' lang='lat' dir='ltr'><strong>suo</strong></span> <span class='ocrx_word' id='word_1_145' title='bbox 1148 2427 1434 2518; x_wconf 74' lang='lat' dir='ltr'><strong>privato</strong></span> <span class='ocrx_word' id='word_1_146' title='bbox 1460 2420 1926 2492; x_wconf 80' lang='lat' dir='ltr'><strong>incommodo</strong></span> <span class='ocrx_word' id='word_1_147' title='bbox 1935 2419 2388 2516; x_wconf 82' lang='lat' dir='ltr'><strong>publicoque</strong></span> <span class='ocrx_word' id='word_1_148' title='bbox 2407 2439 2543 2511; x_wconf 89' lang='lat' dir='ltr'><strong>po·</strong></span> 
     </span>
    </p>
   </div>
   <div class='ocr_carea' id='block_1_8' title="bbox 403 2606 2549 4247">
    <p class='ocr_par' dir='ltr' id='par_1_8' title="bbox 409 2606 2545 2751">
     <span class='ocr_line' id='line_1_20' title="bbox 485 2606 2545 2677; baseline 0.003 -28"><span class='ocrx_word' id='word_1_149' title='bbox 485 2618 533 2664; x_wconf 88' lang='lat'><strong>9.</strong></span> <span class='ocrx_word' id='word_1_150' title='bbox 560 2606 769 2652; x_wconf 82' lang='lat' dir='ltr'><strong>Senescic</strong></span> <span class='ocrx_word' id='word_1_151' title='bbox 795 2625 990 2672; x_wconf 77' lang='lat' dir='ltr'><strong>pugna,</strong></span> <span class='ocrx_word' id='word_1_152' title='bbox 1019 2609 1131 2657; x_wconf 82' lang='lat' dir='ltr'><strong>vide</strong></span> <span class='ocrx_word' id='word_1_153' title='bbox 1161 2610 1224 2657; x_wconf 83' lang='lat' dir='ltr'><strong>ad</strong></span> <span class='ocrx_word' id='word_1_154' title='bbox 1249 2613 1299 2670; x_wconf 92' lang='lat'><strong>1,</strong></span> <span class='ocrx_word' id='word_1_155' title='bbox 1329 2628 1392 2660; x_wconf 78' lang='lat'><strong>22</strong></span> <span class='ocrx_word' id='word_1_156' title='bbox 1414 2646 1429 2672; x_wconf 90' lang='lat'>,</span> <span class='ocrx_word' id='word_1_157' title='bbox 1516 2613 1636 2677; x_wconf 91' lang='lat' dir='ltr'><strong>pulo</strong></span> <span class='ocrx_word' id='word_1_158' title='bbox 1663 2628 1787 2660; x_wconf 86' lang='lat' dir='ltr'><strong>rom.</strong></span> <span class='ocrx_word' id='word_1_159' title='bbox 1816 2613 1914 2660; x_wconf 85' lang='lat' dir='ltr'><strong>Sed</strong></span> <span class='ocrx_word' id='word_1_160' title='bbox 1932 2613 2009 2660; x_wconf 85' lang='lat' dir='ltr'><strong>hae</strong></span> <span class='ocrx_word' id='word_1_161' title='bbox 2035 2613 2247 2661; x_wconf 85' lang='lat' dir='ltr'><strong>rationes</strong></span> <span class='ocrx_word' id='word_1_162' title='bbox 2271 2610 2405 2658; x_wconf 82' lang='lat' dir='ltr'><strong>durae</strong></span> <span class='ocrx_word' id='word_1_163' title='bbox 2432 2619 2545 2656; x_wconf 84' lang='lat' dir='ltr'><strong>sunt</strong></span> 
     </span>
     <span class='ocr_line' id='line_1_21' title="bbox 409 2684 2544 2751; baseline 0.002 -23"><span class='ocrx_word' id='word_1_164' title='bbox 409 2698 462 2728; x_wconf 89' lang='lat' dir='ltr'><strong>n.</strong></span> <span class='ocrx_word' id='word_1_165' title='bbox 490 2684 517 2729; x_wconf 82' lang='lat'><strong>3</strong></span> <span class='ocrx_word' id='word_1_166' title='bbox 531 2717 545 2742; x_wconf 91' lang='lat'>‚</span> <span class='ocrx_word' id='word_1_167' title='bbox 572 2684 660 2731; x_wconf 85' lang='lat' dir='ltr'><strong>ubi</strong></span> <span class='ocrx_word' id='word_1_168' title='bbox 689 2684 750 2731; x_wconf 90' lang='lat' dir='ltr'><strong>de</strong></span> <span class='ocrx_word' id='word_1_169' title='bbox 773 2700 1014 2734; x_wconf 82' lang='lat' dir='ltr'><strong>senescere</strong></span> <span class='ocrx_word' id='word_1_170' title='bbox 1038 2689 1311 2736; x_wconf 80' lang='lat' dir='ltr'><strong>dissertum.</strong></span> <span class='ocrx_word' id='word_1_171' title='bbox 1519 2706 1688 2738; x_wconf 79' lang='lat' dir='ltr'><strong>omnes</strong></span> <span class='ocrx_word' id='word_1_172' title='bbox 1704 2726 1725 2749; x_wconf 57' lang='lat'><em>2</em></span> <span class='ocrx_word' id='word_1_173' title='bbox 1744 2703 1792 2738; x_wconf 89' lang='lat' dir='ltr'><strong>et</strong></span> <span class='ocrx_word' id='word_1_174' title='bbox 1814 2692 1981 2738; x_wconf 87' lang='lat' dir='ltr'><strong>Livius</strong></span> <span class='ocrx_word' id='word_1_175' title='bbox 2003 2707 2122 2738; x_wconf 85' lang='lat' dir='ltr'><strong>mox</strong></span> <span class='ocrx_word' id='word_1_176' title='bbox 2146 2706 2250 2736; x_wconf 87' lang='lat' dir='ltr'><strong>non</strong></span> <span class='ocrx_word' id='word_1_177' title='bbox 2271 2688 2422 2736; x_wconf 93' lang='lat' dir='ltr'><strong>modo</strong></span> <span class='ocrx_word' id='word_1_178' title='bbox 2437 2687 2544 2751; x_wconf 85' lang='lat' dir='ltr'><strong>pri-</strong></span> 
     </span>
    </p>

    <p class='ocr_par' dir='ltr' id='par_1_9' title="bbox 403 2765 2549 4247">
     <span class='ocr_line' id='line_1_22' title="bbox 490 2765 2546 2833; baseline 0.001 -23"><span class='ocrx_word' id='word_1_179' title='bbox 490 2777 566 2810; x_wconf 87' lang='lat'><strong>10.</strong></span> <span class='ocrx_word' id='word_1_180' title='bbox 612 2766 676 2811; x_wconf 79' lang='lat' dir='ltr'><strong>Ue</strong></span> <span class='ocrx_word' id='word_1_181' title='bbox 709 2781 819 2812; x_wconf 86' lang='lat' dir='ltr'><strong>eam</strong></span> <span class='ocrx_word' id='word_1_182' title='bbox 848 2765 1081 2812; x_wconf 79' lang='lat' dir='ltr'><strong>invidiam</strong></span> <span class='ocrx_word' id='word_1_183' title='bbox 1118 2766 1289 2822; x_wconf 83' lang='lat' dir='ltr'><strong>lenire,</strong></span> <span class='ocrx_word' id='word_1_184' title='bbox 1335 2778 1427 2815; x_wconf 86' lang='lat' dir='ltr'><strong>etc.</strong></span> <span class='ocrx_word' id='word_1_185' title='bbox 1518 2779 1712 2826; x_wconf 78' lang='lat' dir='ltr'><strong>vatum,</strong></span> <span class='ocrx_word' id='word_1_186' title='bbox 1740 2769 1827 2815; x_wconf 85' lang='lat' dir='ltr'><strong>sed</strong></span> <span class='ocrx_word' id='word_1_187' title='bbox 1855 2780 1903 2816; x_wconf 88' lang='lat' dir='ltr'><strong>et</strong></span> <span class='ocrx_word' id='word_1_188' title='bbox 1928 2769 2180 2833; x_wconf 87' lang='lat' dir='ltr'><strong>publicum</strong></span> <span class='ocrx_word' id='word_1_189' title='bbox 2206 2778 2444 2814; x_wconf 87' lang='lat' dir='ltr'><strong>memorat</strong></span> <span class='ocrx_word' id='word_1_190' title='bbox 2469 2767 2546 2812; x_wconf 86' lang='lat' dir='ltr'><strong>in-</strong></span> 
     </span>
     <span class='ocr_line' id='line_1_23' title="bbox 410 2842 2548 2908; baseline 0.001 -20"><span class='ocrx_word' id='word_1_191' title='bbox 410 2856 524 2888; x_wconf 85' lang='lat' dir='ltr'><strong>nam</strong></span> <span class='ocrx_word' id='word_1_192' title='bbox 563 2842 633 2889; x_wconf 75' lang='lat' dir='ltr'><strong>dii</strong></span> <span class='ocrx_word' id='word_1_193' title='bbox 672 2843 877 2890; x_wconf 88' lang='lat' dir='ltr'><strong>nimium</strong></span> <span class='ocrx_word' id='word_1_194' title='bbox 921 2844 1143 2892; x_wconf 87' lang='lat' dir='ltr'><strong>felicibus</strong></span> <span class='ocrx_word' id='word_1_195' title='bbox 1176 2845 1430 2893; x_wconf 87' lang='lat' dir='ltr'><strong>hominum</strong></span> <span class='ocrx_word' id='word_1_196' title='bbox 1520 2846 1850 2902; x_wconf 86' lang='lat' dir='ltr'><strong>commodum,</strong></span> <span class='ocrx_word' id='word_1_197' title='bbox 1860 2845 2224 2892; x_wconf 81' lang='lat' dir='ltr'><strong>damnationem</strong></span> <span class='ocrx_word' id='word_1_198' title='bbox 2238 2844 2446 2899; x_wconf 80' lang='lat' dir='ltr'><strong>Camilli,</strong></span> <span class='ocrx_word' id='word_1_199' title='bbox 2460 2843 2548 2908; x_wconf 85' lang='lat' dir='ltr'><strong>(et)</strong></span> 
     </span>
     <span class='ocr_line' id='line_1_24' title="bbox 409 2920 2548 2988; baseline 0 -21"><span class='ocrx_word' id='word_1_200' title='bbox 409 2920 554 2968; x_wconf 85' lang='lat' dir='ltr'><strong>rebus</strong></span> <span class='ocrx_word' id='word_1_201' title='bbox 571 2923 792 2970; x_wconf 85' lang='lat' dir='ltr'><strong>invidere</strong></span> <span class='ocrx_word' id='word_1_202' title='bbox 813 2923 1150 2972; x_wconf 84' lang='lat' dir='ltr'><strong>credebantur.</strong></span> <span class='ocrx_word' id='word_1_203' title='bbox 1171 2925 1354 2973; x_wconf 86' lang='lat' dir='ltr'><strong>Confer</strong></span> <span class='ocrx_word' id='word_1_204' title='bbox 1364 2926 1430 2983; x_wconf 87' lang='lat' dir='ltr'><strong>V,</strong></span> <span class='ocrx_word' id='word_1_205' title='bbox 1521 2923 1872 2986; x_wconf 26' lang='lat' dir='ltr'><strong>captaessdeinde</strong></span> <span class='ocrx_word' id='word_1_206' title='bbox 1899 2923 2028 2988; x_wconf 90' lang='lat' dir='ltr'><strong>(qua</strong></span> <span class='ocrx_word' id='word_1_207' title='bbox 2051 2938 2175 2969; x_wconf 87' lang='lat' dir='ltr'><strong>voce</strong></span> <span class='ocrx_word' id='word_1_208' title='bbox 2203 2923 2346 2969; x_wconf 84' lang='lat' dir='ltr'><strong>simul</strong></span> <span class='ocrx_word' id='word_1_209' title='bbox 2371 2922 2548 2985; x_wconf 85' lang='lat' dir='ltr'><strong>copula</strong></span> 
     </span>
     <span class='ocr_line' id='line_1_25' title="bbox 411 2992 2548 3068; baseline 0 -22"><span class='ocrx_word' id='word_1_210' title='bbox 411 3015 558 3059; x_wconf 79' lang='lat' dir='ltr'><strong>27,n.</strong></span> <span class='ocrx_word' id='word_1_211' title='bbox 577 3001 606 3048; x_wconf 87' lang='grc'><strong><em>5</em></strong></span> <span class='ocrx_word' id='word_1_212' title='bbox 618 3018 633 3060; x_wconf 84' lang='grc'>;</span> <span class='ocrx_word' id='word_1_213' title='bbox 646 3003 825 3058; x_wconf 88' lang='lat' dir='ltr'>XXX,</span> <span class='ocrx_word' id='word_1_214' title='bbox 845 3004 936 3061; x_wconf 82' lang='lat'><strong>30,</strong></span> <span class='ocrx_word' id='word_1_215' title='bbox 954 3019 1006 3050; x_wconf 90' lang='lat' dir='ltr'><strong>n.</strong></span> <span class='ocrx_word' id='word_1_216' title='bbox 1025 3003 1083 3050; x_wconf 83' lang='lat'><strong>13</strong></span> <span class='ocrx_word' id='word_1_217' title='bbox 1098 3019 1112 3061; x_wconf 91' lang='lat'>;</span> <span class='ocrx_word' id='word_1_218' title='bbox 1128 3002 1192 3050; x_wconf 89' lang='lat' dir='ltr'><strong>ad</strong></span> <span class='ocrx_word' id='word_1_219' title='bbox 1203 3003 1429 3051; x_wconf 83' lang='lat' dir='ltr'><strong>Juvenal.</strong></span> <span class='ocrx_word' id='word_1_220' title='bbox 1520 2992 1829 3068; x_wconf 72' lang='lat' dir='ltr'><strong>continetur)</strong></span> <span class='ocrx_word' id='word_1_221' title='bbox 1848 3001 1977 3049; x_wconf 83' lang='lat' dir='ltr'><strong>urbis</strong></span> <span class='ocrx_word' id='word_1_222' title='bbox 1994 2992 2214 3048; x_wconf 81' lang='lat' dir='ltr'><strong>romanoe</strong></span> <span class='ocrx_word' id='word_1_223' title='bbox 2236 2998 2451 3056; x_wconf 84' lang='lat' dir='ltr'><strong>cladem,</strong></span> <span class='ocrx_word' id='word_1_224' title='bbox 2484 3000 2548 3046; x_wconf 84' lang='lat' dir='ltr'><strong>ad</strong></span> 
     </span>
     <span class='ocr_line' id='line_1_26' title="bbox 413 3078 2542 3145; baseline -0.001 -18"><span class='ocrx_word' id='word_1_225' title='bbox 413 3079 527 3137; x_wconf 77' lang='lat' dir='ltr'><strong>XV,</strong></span> <span class='ocrx_word' id='word_1_226' title='bbox 548 3081 639 3140; x_wconf 80' lang='lat'><strong>953</strong></span> <span class='ocrx_word' id='word_1_227' title='bbox 666 3082 729 3128; x_wconf 88' lang='lat' dir='ltr'><strong>ad</strong></span> <span class='ocrx_word' id='word_1_228' title='bbox 750 3082 833 3130; x_wconf 83' lang='lat' dir='ltr'><strong>Sil.</strong></span> <span class='ocrx_word' id='word_1_229' title='bbox 858 3084 960 3140; x_wconf 90' lang='lat'>111,</span> <span class='ocrx_word' id='word_1_230' title='bbox 982 3083 1045 3141; x_wconf 86' lang='lat'><strong>78</strong></span> <span class='ocrx_word' id='word_1_231' title='bbox 1064 3099 1079 3142; x_wconf 82' lang='lat'>3</span> <span class='ocrx_word' id='word_1_232' title='bbox 1100 3083 1253 3129; x_wconf 85' lang='lat' dir='ltr'>XVII</span> <span class='ocrx_word' id='word_1_233' title='bbox 1269 3116 1283 3141; x_wconf 91' lang='lat'><strong>,</strong></span> <span class='ocrx_word' id='word_1_234' title='bbox 1312 3081 1429 3130; x_wconf 84' lang='grc'><strong><em>550.</em></strong></span> <span class='ocrx_word' id='word_1_235' title='bbox 1522 3098 1640 3145; x_wconf 84' lang='lat' dir='ltr'><strong>quas</strong></span> <span class='ocrx_word' id='word_1_236' title='bbox 1669 3081 1963 3129; x_wconf 74' lang='lat' dir='ltr'><strong>calamitates</strong></span> <span class='ocrx_word' id='word_1_237' title='bbox 1987 3079 2045 3124; x_wconf 87' lang='lat' dir='ltr'><strong>id</strong></span> <span class='ocrx_word' id='word_1_238' title='bbox 2073 3094 2212 3124; x_wconf 78' lang='lat' dir='ltr'><strong>omen</strong></span> <span class='ocrx_word' id='word_1_239' title='bbox 2226 3078 2542 3140; x_wconf 81' lang='lat' dir='ltr'><strong>pertinuisse,</strong></span> 
     </span>
     <span class='ocr_line' id='line_1_27' title="bbox 412 3156 2549 3222; baseline 0.002 -21"><span class='ocrx_word' id='word_1_240' title='bbox 412 3157 472 3202; x_wconf 87' lang='lat' dir='ltr'><strong>In</strong></span> <span class='ocrx_word' id='word_1_241' title='bbox 494 3169 611 3206; x_wconf 82' lang='lat' dir='ltr'><strong>vett.</strong></span> <span class='ocrx_word' id='word_1_242' title='bbox 639 3159 752 3206; x_wconf 80' lang='lat' dir='ltr'><strong>edd.</strong></span> <span class='ocrx_word' id='word_1_243' title='bbox 777 3172 888 3208; x_wconf 85' lang='lat' dir='ltr'><strong>ante</strong></span> <span class='ocrx_word' id='word_1_244' title='bbox 914 3161 1030 3208; x_wconf 84' lang='lat' dir='ltr'><strong>Ald.</strong></span> <span class='ocrx_word' id='word_1_245' title='bbox 1070 3162 1250 3222; x_wconf 85' lang='lat' dir='ltr'><strong>legitur</strong></span> <span class='ocrx_word' id='word_1_246' title='bbox 1285 3161 1433 3208; x_wconf 75' lang='lat' dir='ltr'><strong>lenire</strong></span> <span class='ocrx_word' id='word_1_247' title='bbox 1520 3172 1762 3222; x_wconf 79' lang='lat' dir='ltr'><strong>spectasse</strong></span> <span class='ocrx_word' id='word_1_248' title='bbox 1776 3193 1791 3217; x_wconf 92' lang='lat'><strong>,</strong></span> <span class='ocrx_word' id='word_1_249' title='bbox 1813 3156 1974 3205; x_wconf 82' lang='lat' dir='ltr'><strong>visum</strong></span> <span class='ocrx_word' id='word_1_250' title='bbox 1995 3158 2061 3204; x_wconf 84' lang='lat' dir='ltr'><strong>sit</strong></span> <span class='ocrx_word' id='word_1_251' title='bbox 2080 3157 2260 3204; x_wconf 72' lang='lat' dir='ltr'><strong>multis.</strong></span> <span class='ocrx_word' id='word_1_252' title='bbox 2285 3158 2457 3221; x_wconf 86' lang='lat' dir='ltr'><strong>Neque</strong></span> <span class='ocrx_word' id='word_1_253' title='bbox 2480 3170 2549 3205; x_wconf 86' lang='lat' dir='ltr'><strong>ta-</strong></span> 
     </span>
     <span class='ocr_line' id='line_1_28' title="bbox 411 3235 2549 3301; baseline 0.002 -21"><span class='ocrx_word' id='word_1_254' title='bbox 411 3249 498 3281; x_wconf 82' lang='lat' dir='ltr'><strong>suo</strong></span> <span class='ocrx_word' id='word_1_255' title='bbox 503 3235 697 3299; x_wconf 75' lang='lat' dir='ltr'><strong>privato</strong></span> <span class='ocrx_word' id='word_1_256' title='bbox 718 3236 1046 3294; x_wconf 79' lang='lat' dir='ltr'><strong>incommodo,</strong></span> <span class='ocrx_word' id='word_1_257' title='bbox 1068 3253 1214 3300; x_wconf 87' lang='lat' dir='ltr'><strong>quam</strong></span> <span class='ocrx_word' id='word_1_258' title='bbox 1231 3236 1429 3283; x_wconf 82' lang='lat' dir='ltr'><strong>minimo</strong></span> <span class='ocrx_word' id='word_1_259' title='bbox 1520 3254 1631 3287; x_wconf 85' lang='lat' dir='ltr'><strong>men</strong></span> <span class='ocrx_word' id='word_1_260' title='bbox 1657 3236 1931 3295; x_wconf 76' lang='lat' dir='ltr'><strong>dissimuIO,</strong></span> <span class='ocrx_word' id='word_1_261' title='bbox 1949 3237 2085 3285; x_wconf 89' lang='lat' dir='ltr'><strong>illam</strong></span> <span class='ocrx_word' id='word_1_262' title='bbox 2105 3237 2393 3284; x_wconf 78' lang='lat' dir='ltr'><strong>sententiam</strong></span> <span class='ocrx_word' id='word_1_263' title='bbox 2409 3271 2424 3296; x_wconf 94' lang='lat'>,</span> <span class='ocrx_word' id='word_1_264' title='bbox 2453 3254 2549 3301; x_wconf 81' lang='lat' dir='ltr'><strong>qua</strong></span> 
     </span>
     <span class='ocr_line' id='line_1_29' title="bbox 403 3313 2545 3382; baseline 0.003 -24"><span class='ocrx_word' id='word_1_265' title='bbox 403 3313 600 3376; x_wconf 80' lang='lat' dir='ltr'><strong>publico</strong></span> <span class='ocrx_word' id='word_1_266' title='bbox 626 3314 804 3377; x_wconf 82' lang='lat' dir='ltr'><strong>populi</strong></span> <span class='ocrx_word' id='word_1_267' title='bbox 841 3331 961 3362; x_wconf 86' lang='lat' dir='ltr'><strong>rom.</strong></span> <span class='ocrx_word' id='word_1_268' title='bbox 1009 3316 1172 3363; x_wconf 78' lang='lat' dir='ltr'><strong>liceret</strong></span> <span class='ocrx_word' id='word_1_269' title='bbox 1194 3351 1210 3373; x_wconf 90' lang='lat'>‚</span> <span class='ocrx_word' id='word_1_270' title='bbox 1256 3315 1432 3364; x_wconf 88' lang='lat' dir='ltr'><strong>eodem</strong></span> <span class='ocrx_word' id='word_1_271' title='bbox 1520 3316 1750 3366; x_wconf 82' lang='lat' dir='ltr'><strong>Camillus</strong></span> <span class='ocrx_word' id='word_1_272' title='bbox 1770 3328 1964 3382; x_wconf 85' lang='lat' dir='ltr'><strong>optasse</strong></span> <span class='ocrx_word' id='word_1_273' title='bbox 1987 3326 2190 3381; x_wconf 81' lang='lat' dir='ltr'><strong>putatur</strong></span> <span class='ocrx_word' id='word_1_274' title='bbox 2204 3351 2218 3376; x_wconf 90' lang='lat'><strong>,</strong></span> <span class='ocrx_word' id='word_1_275' title='bbox 2251 3328 2305 3364; x_wconf 89' lang='lat' dir='ltr'><strong>ut</strong></span> <span class='ocrx_word' id='word_1_276' title='bbox 2328 3333 2417 3364; x_wconf 89' lang='lat' dir='ltr'><strong>suo</strong></span> <span class='ocrx_word' id='word_1_277' title='bbox 2440 3328 2545 3364; x_wconf 86' lang='lat' dir='ltr'><strong>tan-</strong></span> 
     </span>
     <span class='ocr_line' id='line_1_30' title="bbox 413 3385 2547 3473; baseline 0.001 -35"><span class='ocrx_word' id='word_1_278' title='bbox 413 3407 583 3449; x_wconf 85' lang='lat' dir='ltr'><strong>sensu,</strong></span> <span class='ocrx_word' id='word_1_279' title='bbox 624 3391 665 3437; x_wconf 87' lang='lat' dir='ltr'><strong>si</strong></span> <span class='ocrx_word' id='word_1_280' title='bbox 698 3402 808 3439; x_wconf 87' lang='lat' dir='ltr'><strong>ante</strong></span> <span class='ocrx_word' id='word_1_281' title='bbox 835 3385 984 3455; x_wconf 72' lang='lat' dir='ltr'><strong>quam</strong></span> <span class='ocrx_word' id='word_1_282' title='bbox 1023 3395 1325 3459; x_wconf 84' lang='lat' dir='ltr'><strong>suppleveris</strong></span> <span class='ocrx_word' id='word_1_283' title='bbox 1353 3407 1423 3452; x_wconf 81' lang='lat' dir='ltr'><strong>et,</strong></span> <span class='ocrx_word' id='word_1_284' title='bbox 1517 3407 1622 3444; x_wconf 89' lang='lat' dir='ltr'><strong>tum</strong></span> <span class='ocrx_word' id='word_1_285' title='bbox 1647 3397 1840 3461; x_wconf 82' lang='lat' dir='ltr'><strong>privato</strong></span> <span class='ocrx_word' id='word_1_286' title='bbox 1870 3395 2187 3443; x_wconf 89' lang='lat' dir='ltr'><strong>incommodo</strong></span> <span class='ocrx_word' id='word_1_287' title='bbox 2203 3396 2448 3473; x_wconf 62' lang='lat' dir='ltr'><strong>⁸leniretur</strong></span> <span class='ocrx_word' id='word_1_288' title='bbox 2474 3396 2547 3441; x_wconf 86' lang='lat' dir='ltr'><strong>in-</strong></span> 
     </span>
     <span class='ocr_line' id='line_1_31' title="bbox 413 3470 2544 3542; baseline 0.001 -25"><span class='ocrx_word' id='word_1_289' title='bbox 413 3486 521 3533; x_wconf 85' lang='lat' dir='ltr'><strong>quae</strong></span> <span class='ocrx_word' id='word_1_290' title='bbox 537 3470 713 3534; x_wconf 71' lang='lat' dir='ltr'><strong>cOpula</strong></span> <span class='ocrx_word' id='word_1_291' title='bbox 731 3471 909 3533; x_wconf 85' lang='lat' dir='ltr'><strong>passim</strong></span> <span class='ocrx_word' id='word_1_292' title='bbox 936 3472 1195 3521; x_wconf 86' lang='lat' dir='ltr'><strong>omittitur.</strong></span> <span class='ocrx_word' id='word_1_293' title='bbox 1219 3475 1325 3521; x_wconf 88' lang='lat' dir='ltr'><strong>Nec</strong></span> <span class='ocrx_word' id='word_1_294' title='bbox 1353 3474 1439 3522; x_wconf 86' lang='lat' dir='ltr'><strong>de-.</strong></span> <span class='ocrx_word' id='word_1_295' title='bbox 1520 3475 1651 3522; x_wconf 84' lang='lat' dir='ltr'><strong>vidia</strong></span> <span class='ocrx_word' id='word_1_296' title='bbox 1690 3475 1916 3542; x_wconf 60' lang='lat' dir='ltr'><strong>deorum,</strong></span> <span class='ocrx_word' id='word_1_297' title='bbox 1960 3486 2065 3525; x_wconf 88' lang='lat' dir='ltr'><strong>tum</strong></span> <span class='ocrx_word' id='word_1_298' title='bbox 2102 3476 2255 3539; x_wconf 83' lang='lat' dir='ltr'><strong>magis</strong></span> <span class='ocrx_word' id='word_1_299' title='bbox 2281 3474 2544 3522; x_wconf 87' lang='lat' dir='ltr'><strong>convenire</strong></span> 
     </span>
     <span class='ocr_line' id='line_1_32' title="bbox 410 3548 2542 3622; baseline 0.001 -27"><span class='ocrx_word' id='word_1_300' title='bbox 410 3550 571 3608; x_wconf 86' lang='lat' dir='ltr'><strong>fuere,</strong></span> <span class='ocrx_word' id='word_1_301' title='bbox 599 3549 683 3612; x_wconf 82' lang='lat' dir='ltr'><strong>qui</strong></span> <span class='ocrx_word' id='word_1_302' title='bbox 703 3548 830 3596; x_wconf 83' lang='lat' dir='ltr'><strong>hanc</strong></span> <span class='ocrx_word' id='word_1_303' title='bbox 849 3549 1110 3598; x_wconf 88' lang='lat' dir='ltr'><strong>lectionem</strong></span> <span class='ocrx_word' id='word_1_304' title='bbox 1135 3552 1428 3616; x_wconf 83' lang='lat' dir='ltr'><strong>probarent:</strong></span> <span class='ocrx_word' id='word_1_305' title='bbox 1519 3555 1614 3619; x_wconf 86' lang='lat' dir='ltr'><strong>piae</strong></span> <span class='ocrx_word' id='word_1_306' title='bbox 1640 3554 1742 3614; x_wconf 82' lang='lat' dir='ltr'><strong>ejus</strong></span> <span class='ocrx_word' id='word_1_307' title='bbox 1770 3555 1949 3622; x_wconf 84' lang='lat' dir='ltr'><strong>menti,</strong></span> <span class='ocrx_word' id='word_1_308' title='bbox 1970 3566 2075 3602; x_wconf 90' lang='lat' dir='ltr'><strong>tum</strong></span> <span class='ocrx_word' id='word_1_309' title='bbox 2092 3553 2254 3602; x_wconf 84' lang='lat' dir='ltr'><strong>verbis</strong></span> <span class='ocrx_word' id='word_1_310' title='bbox 2277 3552 2405 3599; x_wconf 79' lang='lat' dir='ltr'><strong>Livii</strong></span> <span class='ocrx_word' id='word_1_311' title='bbox 2429 3551 2542 3599; x_wconf 84' lang='lat' dir='ltr'><strong>sub-</strong></span> 
     </span>
     <span class='ocr_line' id='line_1_33' title="bbox 411 3627 2539 3696; baseline 0.001 -20"><span class='ocrx_word' id='word_1_312' title='bbox 411 3627 466 3676; x_wconf 81' lang='lat' dir='ltr'><strong>hi</strong></span> <span class='ocrx_word' id='word_1_313' title='bbox 488 3643 605 3675; x_wconf 86' lang='lat' dir='ltr'><strong>vero</strong></span> <span class='ocrx_word' id='word_1_314' title='bbox 628 3627 777 3675; x_wconf 84' lang='lat' dir='ltr'><strong>verba</strong></span> <span class='ocrx_word' id='word_1_315' title='bbox 804 3644 952 3691; x_wconf 86' lang='lat' dir='ltr'><strong>quam</strong></span> <span class='ocrx_word' id='word_1_316' title='bbox 970 3628 1193 3687; x_wconf 86' lang='lat' dir='ltr'><strong>minimo,</strong></span> <span class='ocrx_word' id='word_1_317' title='bbox 1225 3641 1318 3678; x_wconf 89' lang='lat' dir='ltr'><strong>etc.</strong></span> <span class='ocrx_word' id='word_1_318' title='bbox 1346 3647 1432 3678; x_wconf 79' lang='lat' dir='ltr'><strong>ex·</strong></span> <span class='ocrx_word' id='word_1_319' title='bbox 1515 3633 1695 3692; x_wconf 86' lang='lat' dir='ltr'><strong>jectam</strong></span> <span class='ocrx_word' id='word_1_320' title='bbox 1722 3644 1823 3680; x_wconf 81' lang='lat' dir='ltr'><strong>esse</strong></span> <span class='ocrx_word' id='word_1_321' title='bbox 1860 3649 1887 3679; x_wconf 89' lang='lat' dir='ltr'><strong>a</strong></span> <span class='ocrx_word' id='word_1_322' title='bbox 1925 3634 2051 3680; x_wconf 89' lang='lat' dir='ltr'><strong>Plut.</strong></span> <span class='ocrx_word' id='word_1_323' title='bbox 2088 3633 2141 3679; x_wconf 90' lang='lat' dir='ltr'><strong>in</strong></span> <span class='ocrx_word' id='word_1_324' title='bbox 2173 3631 2379 3679; x_wconf 87' lang='lat' dir='ltr'><strong>Camillo</strong></span> <span class='ocrx_word' id='word_1_325' title='bbox 2406 3632 2539 3696; x_wconf 85' lang='lat' dir='ltr'><strong>Opp.</strong></span> 
     </span>
     <span class='ocr_line' id='line_1_34' title="bbox 410 3707 2542 3775; baseline 0.001 -21"><span class='ocrx_word' id='word_1_326' title='bbox 410 3718 633 3770; x_wconf 86' lang='lat' dir='ltr'><strong>ponunt,</strong></span> <span class='ocrx_word' id='word_1_327' title='bbox 649 3707 817 3771; x_wconf 85' lang='lat' dir='ltr'><strong>potius</strong></span> <span class='ocrx_word' id='word_1_328' title='bbox 835 3742 852 3764; x_wconf 89' lang='lat'><strong><em>,</em></strong></span> <span class='ocrx_word' id='word_1_329' title='bbox 887 3708 1150 3771; x_wconf 80' lang='lat' dir='ltr'><strong>seumagis</strong></span> <span class='ocrx_word' id='word_1_330' title='bbox 1178 3725 1326 3772; x_wconf 85' lang='lat' dir='ltr'><strong>quam</strong></span> <span class='ocrx_word' id='word_1_331' title='bbox 1352 3711 1439 3758; x_wconf 81' lang='lat' dir='ltr'><strong>vel</strong></span> <span class='ocrx_word' id='word_1_332' title='bbox 1523 3721 1643 3758; x_wconf 89' lang='lat' dir='ltr'><strong>tom.</strong></span> <span class='ocrx_word' id='word_1_333' title='bbox 1671 3713 1747 3769; x_wconf 89' lang='grc' dir='ltr'><strong>ΙΙ,</strong></span> <span class='ocrx_word' id='word_1_334' title='bbox 1771 3728 1822 3775; x_wconf 90' lang='lat' dir='ltr'><strong>p.</strong></span> <span class='ocrx_word' id='word_1_335' title='bbox 1857 3711 1948 3757; x_wconf 82' lang='lat'><strong>131</strong></span> <span class='ocrx_word' id='word_1_336' title='bbox 1987 3714 2040 3756; x_wconf 88' lang='lat' dir='ltr'><strong>F.</strong></span> <span class='ocrx_word' id='word_1_337' title='bbox 2069 3721 2118 3756; x_wconf 90' lang='lat' dir='ltr'><strong>et</strong></span> <span class='ocrx_word' id='word_1_338' title='bbox 2138 3708 2301 3755; x_wconf 82' lang='lat' dir='ltr'><strong>Valer.</strong></span> <span class='ocrx_word' id='word_1_339' title='bbox 2330 3711 2465 3756; x_wconf 82' lang='lat' dir='ltr'><strong>Max.</strong></span> <span class='ocrx_word' id='word_1_340' title='bbox 2492 3712 2542 3768; x_wconf 91' lang='lat'><strong>1,</strong></span> 
     </span>
     <span class='ocr_line' id='line_1_35' title="bbox 412 3778 2539 3852; baseline 0.001 -19"><span class='ocrx_word' id='word_1_341' title='bbox 412 3786 607 3833; x_wconf 81' lang='lat' dir='ltr'><strong>minimo</strong></span> <span class='ocrx_word' id='word_1_342' title='bbox 641 3786 782 3851; x_wconf 82' lang='lat' dir='ltr'><strong>(vide</strong></span> <span class='ocrx_word' id='word_1_343' title='bbox 800 3785 862 3832; x_wconf 90' lang='lat' dir='ltr'><strong>ad</strong></span> <span class='ocrx_word' id='word_1_344' title='bbox 889 3788 939 3845; x_wconf 87' lang='grc' dir='ltr'><strong>Ι,</strong></span> <span class='ocrx_word' id='word_1_345' title='bbox 966 3785 1032 3832; x_wconf 83' lang='lat'><strong>25</strong></span> <span class='ocrx_word' id='word_1_346' title='bbox 1052 3820 1066 3845; x_wconf 91' lang='lat'><strong>,</strong></span> <span class='ocrx_word' id='word_1_347' title='bbox 1084 3802 1134 3837; x_wconf 84' lang='lat' dir='ltr'><strong>n.</strong></span> <span class='ocrx_word' id='word_1_348' title='bbox 1171 3786 1292 3851; x_wconf 88' lang='lat'>11),</span> <span class='ocrx_word' id='word_1_349' title='bbox 1320 3800 1402 3836; x_wconf 82' lang='lat' dir='ltr'><strong>aut</strong></span> <span class='ocrx_word' id='word_1_350' title='bbox 1418 3822 1432 3847; x_wconf 91' lang='lat'><strong>,</strong></span> <span class='ocrx_word' id='word_1_351' title='bbox 1526 3788 1584 3846; x_wconf 84' lang='lat'><strong>5,</strong></span> <span class='ocrx_word' id='word_1_352' title='bbox 1610 3806 1660 3836; x_wconf 91' lang='lat' dir='ltr'><strong>n.</strong></span> <span class='ocrx_word' id='word_1_353' title='bbox 1686 3805 1722 3835; x_wconf 74' lang='lat'><strong>‘2</strong></span> <span class='ocrx_word' id='word_1_354' title='bbox 1764 3787 1882 3852; x_wconf 88' lang='lat' dir='ltr'><strong>(qui</strong></span> <span class='ocrx_word' id='word_1_355' title='bbox 1924 3778 2051 3834; x_wconf 70' lang='lat' dir='ltr'><strong>forte</strong></span> <span class='ocrx_word' id='word_1_356' title='bbox 2082 3797 2297 3834; x_wconf 80' lang='lat' dir='ltr'><strong>nostram</strong></span> <span class='ocrx_word' id='word_1_357' title='bbox 2328 3788 2437 3836; x_wconf 86' lang='lat' dir='ltr'><strong>lect.</strong></span> <span class='ocrx_word' id='word_1_358' title='bbox 2471 3789 2539 3836; x_wconf 85' lang='lat' dir='ltr'><strong>ita</strong></span> 
     </span>
     <span class='ocr_line' id='line_1_36' title="bbox 410 3864 2540 3928; baseline 0.001 -16"><span class='ocrx_word' id='word_1_359' title='bbox 410 3866 485 3912; x_wconf 77' lang='lat' dir='ltr'><strong>sin</strong></span> <span class='ocrx_word' id='word_1_360' title='bbox 513 3866 691 3923; x_wconf 84' lang='lat' dir='ltr'><strong>minus,</strong></span> <span class='ocrx_word' id='word_1_361' title='bbox 713 3865 884 3912; x_wconf 84' lang='lat' dir='ltr'><strong>saltem</strong></span> <span class='ocrx_word' id='word_1_362' title='bbox 903 3881 1052 3928; x_wconf 87' lang='lat' dir='ltr'><strong>quam</strong></span> <span class='ocrx_word' id='word_1_363' title='bbox 1075 3864 1301 3922; x_wconf 82' lang='lat' dir='ltr'><strong>minimo,</strong></span> <span class='ocrx_word' id='word_1_364' title='bbox 1323 3878 1429 3921; x_wconf 79' lang='lat' dir='ltr'><strong>aut,</strong></span> <span class='ocrx_word' id='word_1_365' title='bbox 1523 3867 1787 3914; x_wconf 80' lang='lat' dir='ltr'><strong>distinxere</strong></span> <span class='ocrx_word' id='word_1_366' title='bbox 1812 3881 1824 3913; x_wconf 89' lang='lat'>:</span> <span class='ocrx_word' id='word_1_367' title='bbox 1864 3865 2010 3912; x_wconf 81' lang='lat' dir='ltr'><strong>lenire</strong></span> <span class='ocrx_word' id='word_1_368' title='bbox 2040 3882 2127 3912; x_wconf 84' lang='lat' dir='ltr'><strong>suo</strong></span> <span class='ocrx_word' id='word_1_369' title='bbox 2141 3865 2337 3928; x_wconf 79' lang='lat' dir='ltr'><strong>privato</strong></span> <span class='ocrx_word' id='word_1_370' title='bbox 2365 3866 2540 3916; x_wconf 78' lang='lat' dir='ltr'><strong>incom-</strong></span> 
     </span>
     <span class='ocr_line' id='line_1_37' title="bbox 411 3941 2538 4010; baseline 0 -18"><span class='ocrx_word' id='word_1_371' title='bbox 411 3955 467 3992; x_wconf 88' lang='lat' dir='ltr'><strong>ut</strong></span> <span class='ocrx_word' id='word_1_372' title='bbox 493 3945 591 3992; x_wconf 86' lang='lat' dir='ltr'><strong>sint</strong></span> <span class='ocrx_word' id='word_1_373' title='bbox 618 3944 716 3992; x_wconf 86' lang='lat' dir='ltr'><strong>dat.</strong></span> <span class='ocrx_word' id='word_1_374' title='bbox 744 3960 918 3992; x_wconf 89' lang='lat' dir='ltr'><strong>comm.</strong></span> <span class='ocrx_word' id='word_1_375' title='bbox 933 3979 949 4003; x_wconf 90' lang='lat'>,</span> <span class='ocrx_word' id='word_1_376' title='bbox 973 3944 1023 3990; x_wconf 83' lang='lat' dir='ltr'><strong>in</strong></span> <span class='ocrx_word' id='word_1_377' title='bbox 1048 3944 1297 4008; x_wconf 83' lang='lat' dir='ltr'><strong>publicum</strong></span> <span class='ocrx_word' id='word_1_378' title='bbox 1304 3962 1423 4010; x_wconf 82' lang='lat' dir='ltr'><strong>pop.</strong></span> <span class='ocrx_word' id='word_1_379' title='bbox 1521 3945 1666 3992; x_wconf 88' lang='lat' dir='ltr'><strong>modo</strong></span> <span class='ocrx_word' id='word_1_380' title='bbox 1687 3961 1834 4008; x_wconf 86' lang='lat' dir='ltr'><strong>quam</strong></span> <span class='ocrx_word' id='word_1_381' title='bbox 1849 3944 2044 3991; x_wconf 80' lang='lat' dir='ltr'><strong>minimo</strong></span> <span class='ocrx_word' id='word_1_382' title='bbox 2056 3978 2070 4001; x_wconf 91' lang='lat'>‚</span> <span class='ocrx_word' id='word_1_383' title='bbox 2078 3941 2277 4007; x_wconf 80' lang='lat' dir='ltr'><strong>publico</strong></span> <span class='ocrx_word' id='word_1_384' title='bbox 2288 3979 2302 4002; x_wconf 92' lang='lat'>‚</span> <span class='ocrx_word' id='word_1_385' title='bbox 2325 3943 2422 3992; x_wconf 87' lang='lat' dir='ltr'><strong>hoc</strong></span> <span class='ocrx_word' id='word_1_386' title='bbox 2443 3958 2538 4004; x_wconf 85' lang='lat' dir='ltr'><strong>est,</strong></span> 
     </span>
     <span class='ocr_line' id='line_1_38' title="bbox 412 4021 2534 4089; baseline 0.003 -22"><span class='ocrx_word' id='word_1_387' title='bbox 412 4040 553 4070; x_wconf 47' lang='lat' dir='ltr'><strong>roms</strong></span> <span class='ocrx_word' id='word_1_388' title='bbox 576 4023 930 4071; x_wconf 85' lang='lat' dir='ltr'><strong>incommodum</strong></span> <span class='ocrx_word' id='word_1_389' title='bbox 956 4040 1106 4086; x_wconf 85' lang='lat' dir='ltr'><strong>quam</strong></span> <span class='ocrx_word' id='word_1_390' title='bbox 1141 4022 1388 4070; x_wconf 82' lang='lat' dir='ltr'><strong>minimum</strong></span> <span class='ocrx_word' id='word_1_391' title='bbox 1404 4059 1421 4081; x_wconf 92' lang='lat'>‚</span> <span class='ocrx_word' id='word_1_392' title='bbox 1516 4024 1821 4089; x_wconf 65' lang='lat' dir='ltr'><strong>reipublicae,</strong></span> <span class='ocrx_word' id='word_1_393' title='bbox 1835 4023 2013 4087; x_wconf 79' lang='lat' dir='ltr'><strong>populi</strong></span> <span class='ocrx_word' id='word_1_394' title='bbox 2040 4039 2161 4069; x_wconf 89' lang='lat' dir='ltr'><strong>rom.</strong></span> <span class='ocrx_word' id='word_1_395' title='bbox 2196 4021 2409 4089; x_wconf 81' lang='lat' dir='ltr'><strong>liceret),</strong></span> <span class='ocrx_word' id='word_1_396' title='bbox 2435 4036 2534 4073; x_wconf 82' lang='lat' dir='ltr'><strong>tum</strong></span> 
     </span>
     <span class='ocr_line' id='line_1_39' title="bbox 413 4100 2543 4167; baseline -0.001 -19"><span class='ocrx_word' id='word_1_397' title='bbox 413 4102 539 4160; x_wconf 85' lang='lat' dir='ltr'><strong>sive,</strong></span> <span class='ocrx_word' id='word_1_398' title='bbox 557 4113 611 4150; x_wconf 90' lang='lat' dir='ltr'><strong>ut</strong></span> <span class='ocrx_word' id='word_1_399' title='bbox 624 4102 706 4150; x_wconf 80' lang='lat' dir='ltr'><strong>ina</strong></span> <span class='ocrx_word' id='word_1_400' title='bbox 723 4101 907 4149; x_wconf 88' lang='lat' dir='ltr'><strong>invidia</strong></span> <span class='ocrx_word' id='word_1_401' title='bbox 927 4119 1071 4166; x_wconf 88' lang='lat' dir='ltr'><strong>quam</strong></span> <span class='ocrx_word' id='word_1_402' title='bbox 1089 4102 1291 4150; x_wconf 84' lang='lat' dir='ltr'><strong>minimo</strong></span> <span class='ocrx_word' id='word_1_403' title='bbox 1303 4137 1318 4162; x_wconf 88' lang='lat'><strong>,</strong></span> <span class='ocrx_word' id='word_1_404' title='bbox 1331 4103 1428 4151; x_wconf 89' lang='lat' dir='ltr'><strong>hoc</strong></span> <span class='ocrx_word' id='word_1_405' title='bbox 1518 4104 1626 4150; x_wconf 86' lang='lat' dir='ltr'><strong>aliis</strong></span> <span class='ocrx_word' id='word_1_406' title='bbox 1644 4119 1838 4167; x_wconf 87' lang='lat' dir='ltr'><strong>quoque</strong></span> <span class='ocrx_word' id='word_1_407' title='bbox 1861 4101 2013 4150; x_wconf 85' lang='lat' dir='ltr'><strong>tribui</strong></span> <span class='ocrx_word' id='word_1_408' title='bbox 2034 4100 2094 4148; x_wconf 87' lang='lat' dir='ltr'><strong>ab</strong></span> <span class='ocrx_word' id='word_1_409' title='bbox 2108 4100 2254 4149; x_wconf 87' lang='lat' dir='ltr'><strong>Ovid.</strong></span> <span class='ocrx_word' id='word_1_410' title='bbox 2279 4103 2398 4149; x_wconf 85' lang='lat' dir='ltr'><strong>Met.</strong></span> <span class='ocrx_word' id='word_1_411' title='bbox 2425 4105 2543 4157; x_wconf 66' lang='lat' dir='ltr'><strong>XV,</strong></span> 
     </span>
     <span class='ocr_line' id='line_1_40' title="bbox 415 4180 2347 4247; baseline 0.001 -20"><span class='ocrx_word' id='word_1_412' title='bbox 415 4191 511 4241; x_wconf 85' lang='lat' dir='ltr'><strong>est,</strong></span> <span class='ocrx_word' id='word_1_413' title='bbox 537 4181 659 4230; x_wconf 79' lang='lat' dir='ltr'><strong>nulli</strong></span> <span class='ocrx_word' id='word_1_414' title='bbox 683 4182 781 4230; x_wconf 87' lang='lat' dir='ltr'><strong>fere</strong></span> <span class='ocrx_word' id='word_1_415' title='bbox 795 4215 812 4239; x_wconf 93' lang='lat'><em>,</em></span> <span class='ocrx_word' id='word_1_416' title='bbox 841 4180 1157 4231; x_wconf 87' lang='lat' dir='ltr'><strong>incommodo</strong></span> <span class='ocrx_word' id='word_1_417' title='bbox 1181 4182 1321 4232; x_wconf 83' lang='lat' dir='ltr'><strong>cedat</strong></span> <span class='ocrx_word' id='word_1_418' title='bbox 1339 4198 1429 4247; x_wconf 85' lang='lat' dir='ltr'><strong>po·</strong></span> <span class='ocrx_word' id='word_1_419' title='bbox 1523 4181 1617 4247; x_wconf 83' lang='lat'><strong>571</strong></span> <span class='ocrx_word' id='word_1_420' title='bbox 1650 4199 1749 4246; x_wconf 87' lang='lat' dir='ltr'><strong>seq.</strong></span> <span class='ocrx_word' id='word_1_421' title='bbox 1772 4194 1821 4230; x_wconf 88' lang='lat' dir='ltr'><strong>et</strong></span> <span class='ocrx_word' id='word_1_422' title='bbox 1838 4182 2028 4231; x_wconf 87' lang='lat' dir='ltr'><strong>Velleio</strong></span> <span class='ocrx_word' id='word_1_423' title='bbox 2049 4184 2072 4229; x_wconf 94' lang='lat' dir='ltr'>I</span> <span class='ocrx_word' id='word_1_424' title='bbox 2089 4215 2103 4239; x_wconf 85' lang='lat'><strong>,</strong></span> <span class='ocrx_word' id='word_1_425' title='bbox 2136 4196 2195 4227; x_wconf 92' lang='lat'><strong>10</strong></span> <span class='ocrx_word' id='word_1_426' title='bbox 2224 4191 2347 4228; x_wconf 75' lang='lat' dir='ltr'><strong>extr.</strong></span> 
     </span>
    </p>
   </div>
  </div>
 </body>
</html>
