3000 4717
506 373 645 461 340

1349 374 1427 441 T.
1493 373 1774 444 LIVII

2330 351 2380 388 A.
2408 351 2455 390 C.
2481 346 2575 389 361.

2326 410 2380 450 U.
2409 411 2455 450 C.
2482 413 2576 465 391.

500 497 763 596 pellata
795 505 852 538 ¹¹
872 549 890 583 ‚
929 508 1405 591 consertaque
1461 493 1739 567 fabellis
1793 491 2243 591 potissimum
2285 493 2633 564 Atellanis

498 622 669 680 sunt
691 616 776 676 ¹².
800 604 1016 697 Quod
1040 629 1266 703 genus
1296 603 1638 675 ludorum
1661 603 1751 675 ab
1767 604 1965 675 Oscis
1992 615 2365 698 acceptum
2390 602 2632 672 tenuit

493 718 835 813 juventus
861 769 880 803 ‚
909 739 1043 786 nec
1081 712 1172 784 ab
1212 713 1685 786 histrionibus
1722 714 1950 812 pollui
1983 736 2185 809 passa
2217 726 2347 783 est.
2386 717 2490 783 Eo
2518 713 2630 782 in-

493 829 824 900 stitutum
854 837 1130 912 manet,
1168 838 1251 894 ut
1280 838 1559 895 actores
1592 824 2077 896 Atellanarum
2098 846 2233 893 nec
2251 821 2448 893 tribu
2463 847 2624 896 mo-

494 952 801 1010 veantur
816 989 835 1023 ,
851 948 923 1006 et
943 932 1296 1031 stipendia
1312 988 1331 1021 ‚
1352 948 1720 1031 tamquam
1742 947 2073 1031 expertes
2104 934 2272 1003 artis
2301 931 2586 1002 ludicrae
2605 987 2628 1020 ‚

493 1048 775 1120 faciant.
807 1051 1005 1116 Inter
1026 1044 1324 1115 aliarum
1353 1069 1572 1142 parva
1595 1045 1948 1143 principia
1975 1067 2216 1115 rerum
2234 1098 2254 1132 ,
2284 1042 2624 1113 ludorum

494 1183 791 1257 quoque
841 1158 1071 1257 prima
1128 1157 1331 1254 origo
1386 1156 1728 1258 ponenda
1777 1159 1921 1227 visa
1980 1170 2086 1228 est
2105 1211 2124 1245 ,
2174 1170 2256 1226 ut
2319 1180 2630 1257 appare-

492 1373 692 1407 romana
721 1356 847 1406 risus
871 1355 1109 1420 iocosque
1138 1357 1358 1423 priorum
1385 1369 1517 1423 satya
1590 1355 1797 1422 fabellis
1839 1356 2141 1421 potissimum
2184 1355 2424 1403 Atellanis
2467 1367 2579 1403 sune
2603 1374 2631 1404 .-

495 1454 657 1486 rarum
676 1435 771 1502 (cf.
794 1448 901 1486 not.
925 1438 956 1484 5
979 1448 1029 1485 et
1056 1436 1147 1502 6);
1170 1451 1273 1485 non
1293 1438 1517 1501 quidem,

491 1528 549 1565 ut
573 1515 759 1564 fabulas
786 1515 1102 1563 excluderent
1116 1550 1129 1574 ‚
1156 1515 1244 1563 sed
1267 1528 1321 1564 ut
1341 1516 1518 1564 fabulis

491 1595 638 1660 ipsis,
664 1593 935 1658 praesertim
962 1605 1123 1641 autem
1148 1594 1412 1653 Atellanis,
1439 1595 1520 1643 ad·

421 1681 426 1688 '
486 1676 805 1737 jungerentur
824 1672 927 1719 sive
944 1673 1289 1721 insererentur.

567 1767 588 1799 1
602 1767 646 1801 1.
676 1753 796 1813 Quoe
816 1752 930 1799 inde
949 1752 1134 1799 exodia
1162 1753 1514 1813 (Intermezzi,

492 1831 807 1896 Nachspiele)
821 1843 999 1894 postea
1023 1831 1276 1896 appellata
1292 1850 1309 1880 .-
1328 1832 1398 1879 sic
1421 1832 1519 1879 dici

494 1928 685 1977 coepere
704 1922 906 1975 satyrae,
931 1925 1081 1973 quum
1102 1910 1302 1969 fabulis,
1322 1911 1516 1976 inprim.

489 1991 754 2050 Atellanis,
782 1989 1177 2054 adjungerentur.
1198 1989 1274 2038 Cf.
1294 1989 1517 2037 Juvenal.

495 2073 573 2118 111
591 2106 605 2130 ,
638 2086 659 2117 1
672 2072 736 2132 76
760 2067 877 2133 (ubi
896 2081 992 2117 vet.
1013 2069 1167 2117 schol.
1188 2068 1515 2123 Exodian‘us,

492 2148 687 2213 inquit,
718 2148 858 2213 apud
877 2160 1062 2197 veteres
1093 2148 1141 2194 in
1155 2145 1268 2215 fine
1298 2146 1520 2194 ludorum

493 2219 734 2284 intrabat,
760 2226 897 2291 quod
909 2227 1139 2274 ridiculus
1138 2225 1298 2290 jore&
1313 2237 1367 2271 uc
1384 2225 1520 2288 quid-

492 2307 615 2371 quid
643 2307 966 2368 lacrymarum
995 2316 1143 2367 atque
1174 2302 1382 2350 tristicia·
1408 2319 1516 2349 coe-

485 2384 669 2448 gissent
710 2399 774 2429 ex
812 2381 1009 2447 tragicis
1053 2379 1307 2445 affectibus
1320 2415 1336 2437 ,
1375 2380 1516 2446 hujus

486 2461 750 2525 spectaculi
778 2460 900 2506 risus
926 2458 1223 2524 detergeret)
1240 2494 1254 2519 ,
1290 2461 1389 2518 VI,
1420 2476 1445 2520 7
1459 2476 1514 2519 13

486 2538 810 2589 Sueton.Tib.
827 2538 911 2595 45,
934 2548 983 2585 et
999 2537 1184 2586 Domit.
1206 2553 1286 2588 10.
1311 2538 1515 2590 Exodia

484 2635 653 2685 propr.
674 2618 835 2666 exitus
849 2652 863 2675 ,
891 2615 1068 2664 deinde
1089 2615 1300 2664 ridicula
1323 2617 1522 2665 intexta.

485 2697 701 2745 versibus
715 2733 731 2755 ,
765 2712 874 2760 quse
902 2706 1036 2743 extra
1065 2708 1422 2759 argumentum,
1452 2698 1517 2744 ri-

489 2793 572 2824 sus
602 2787 651 2824 et
679 2777 783 2838 ioci
820 2791 961 2823 causa
974 2809 988 2833 ,
1016 2775 1426 2824 interserebantur
1446 2776 1514 2823 fa-

487 2856 616 2905 bulae
634 2856 714 2903 vel
734 2854 1057 2903 carminibus:
1079 2854 1210 2901 unde
1232 2856 1370 2902 vocis
1387 2856 1512 2905 ratio

489 2936 657 2983 eadem
681 2947 753 2983 est
772 2951 831 2982 ac
852 2935 906 2981 in
934 2933 1229 2998 episodium;
1252 2934 1513 2982 strothius.

491 3015 628 3064 said.
658 3030 772 3063 voc.
802 3007 1093 3065 ἐπεισόδιον.
1126 3012 1399 3059 Casaubon.
1423 3012 1513 3061 1.1.

490 3111 540 3158 p.
559 3081 587 3140 ἰ
598 3095 680 3148 84.
709 3115 735 3135 «ι
754 3094 823 3142 Ut
840 3091 1063 3157 satyricae
1078 3126 1092 3149 ,
1114 3091 1275 3153 inquit
1287 3124 1301 3148 ‚
1319 3091 1520 3154 tragicis

493 3171 722 3220 dramatis
736 3171 937 3232 adjectae
954 3181 1070 3217 sunt
1082 3186 1111 3217 a
1125 3162 1310 3216 Graecis
1326 3168 1389 3215 ad
1402 3180 1517 3216 tem-

488 3250 751 3316 perandam
765 3250 1013 3313 tragoediae
1033 3247 1337 3310 moestitiam3
1357 3247 1427 3295 sic
1445 3264 1516 3295 sa-

490 3342 615 3395 tyrae
628 3330 730 3376 sive
745 3329 921 3376 exodia
938 3327 1226 3374 simillimam
1239 3326 1306 3374 ob
1324 3339 1515 3374 causam

489 3415 604 3474 post
638 3408 896 3473 tragoedias
936 3406 1146 3470 produci
1180 3405 1417 3454 solebant.
1443 3433 1515 3443 ——

490 3489 608 3537 Non
633 3487 766 3535 aliud
788 3488 841 3533 in
866 3484 1091 3533 atellana
1119 3485 1385 3544 canticum,
1415 3486 1514 3535 nisi

453 3599 461 3609 -
489 3567 747 3623 exodium,
779 3565 914 3630 quod
945 3565 1012 3611 ita
1049 3564 1258 3623 dictum,
1290 3566 1370 3612 vel
1399 3568 1513 3628 quia

490 3647 788 3711 singulorum
816 3644 1150 3694 diverbiorum
1178 3642 1266 3692 fini
1288 3643 1512 3704 subiicie-

487 3725 648 3786 batur,
670 3728 746 3775 vel
768 3726 881 3791 quia
904 3736 1129 3773 extremae
1151 3723 1324 3771 fabulae
1346 3724 1507 3771 semel.

490 3805 569 3851 Sic
591 3805 720 3852 inter
743 3806 937 3853 chorica
954 3805 1077 3851 mele
1100 3805 1381 3852 Graecorum
1405 3801 1512 3849 dra-

488 3877 671 3929 ma'tum
689 3917 703 3941 ,
753 3884 888 3945 quod
937 3884 998 3931 ab
1048 3881 1407 3929 introeuntibus
1454 3881 1509 3927 in

492 3964 681 4006 scenam
704 3960 1002 4019 cantabatur,
1027 3956 1231 4012 εἰσόδων
1255 3961 1510 4020 dicebant;

493 4037 627 4097 quod
647 4038 707 4083 ab
732 4039 1019 4085 exeuntibus
1041 4035 1240 4099 ἐξόδιον,
1261 4062 1285 4081 2·

568 4128 644 4160 12.
679 4115 1029 4178 Consertaque,
1062 4117 1265 4174 inserta,
1293 4118 1508 4177 adnexa,

1605 1437 1739 1500 quod
1769 1436 2009 1485 ludicrum
2029 1449 2077 1484 et
2098 1435 2242 1483 dIcax
2261 1436 2529 1483 dramumn
2549 1451 2632 1499 ge·

1604 1532 1698 1563 nus
1724 1515 1989 1581 (Far-cen),
2019 1516 2082 1563 ab
2100 1515 2284 1573 Atella,
2314 1517 2544 1562 Oscorum
2566 1515 2626 1561 in

1606 1595 1871 1659 Campania
1915 1594 2103 1659 oppido
2122 1629 2137 1652 ,
2175 1595 2245 1642 sic
2291 1594 2475 1642 dictum
2521 1606 2593 1642 est
2608 1613 2629 1655 ;

1605 1675 1736 1722 unde
1759 1686 1947 1722 actores
1970 1690 2132 1722 earum
2159 1690 2274 1722 osce
2298 1674 2442 1721 etiam
2460 1675 2630 1737 loque.

1605 1752 1800 1812 bantur,
1825 1770 1934 1818 quae
1954 1753 2119 1818 lingua
2145 1754 2403 1817 Campanis
2425 1764 2474 1801 et
2494 1754 2626 1800 Sam-

1605 1831 1792 1880 nitibus
1839 1833 2096 1880 vernacula
2140 1843 2256 1880 erat.
2306 1830 2509 1897 (Opici,
2543 1833 2625 1879 vel

1610 1912 1755 1976 Opsci
1779 1924 1827 1960 et
1857 1913 1970 1960 Osci
2001 1923 2138 1959 erant
2175 1912 2335 1976 prisca
2367 1912 2624 1960 Ausonum

1606 2005 1752 2053 gens,
1779 2006 1887 2054 quae
1914 1990 1984 2037 cis
2007 2002 2055 2038 et
2080 1990 2206 2037 ultra
2236 1989 2387 2037 Lirim
2403 2024 2417 2049 ,
2452 1991 2505 2037 in
2532 1992 2623 2037 La-

1609 2069 1682 2115 tio
1705 2080 1754 2116 et
1776 2069 2061 2134 Campania,
2081 2069 2363 2132 habitabat3
2394 2085 2442 2116 v.
2463 2069 2621 2117 Strab.

1607 2147 1674 2205 V,
1695 2164 1746 2211 p.
1767 2156 1886 2203 242.
1919 2148 2066 2196 Conf.
2084 2151 2247 2212 Heyn.
2265 2150 2538 2207 Exc.V111,
2558 2148 2624 2195 ad

1605 2226 1744 2289 Virg.
1761 2226 2052 2274 AEneid.V11
2063 2261 2077 2284 ,
2101 2244 2125 2287 7
2136 2228 2227 2286 303
2248 2238 2298 2275 et
2316 2242 2407 2274 nos
2425 2228 2486 2274 ad
2502 2229 2621 2275 Tae.

1605 2304 1783 2351 Annal.
1808 2307 1899 2365 IV,
1944 2313 2005 2361 14
2021 2340 2036 2363 ,
2063 2322 2114 2353 n.
2150 2305 2220 2369 4.)
2258 2308 2319 2353 In
2344 2305 2421 2353 his
2447 2306 2625 2354 fabulis

1604 2397 1762 2430 sermo
1785 2383 1983 2447 quidem
2008 2383 2144 2430 rudis
2162 2395 2264 2431 erat
2280 2395 2330 2431 et
2346 2384 2622 2449 impolitus,

1605 2461 1691 2508 sed
1715 2463 1898 2510 facetus
1920 2463 2086 2528 potius
2110 2474 2159 2510 et
2181 2462 2416 2511 ridiculus
2430 2498 2445 2523 ‚
2473 2481 2621 2528 quam

1603 2540 1864 2589 obscoenus
1905 2552 1954 2589 et
2000 2542 2208 2589 lascivus
2230 2577 2245 2601 ,
2286 2551 2623 2605 argumentum

1603 2625 1799 2690 quoque
1848 2630 2031 2667 castum
2046 2654 2060 2678 ,
2098 2630 2148 2668 et
2189 2622 2440 2669 sententiae
2482 2639 2622 2686 purae

1602 2709 1746 2762 atque
1777 2699 2025 2748 honestae:
2057 2698 2191 2746 unde
2209 2700 2432 2747 Valerius
2464 2701 2627 2749 Maxi-

1602 2793 1743 2837 mus,
1779 2780 1860 2836 11,
1891 2786 1946 2835 4,
1984 2794 2034 2825 n.
2067 2786 2127 2836 4,
2169 2778 2319 2838 dicit,
2355 2779 2445 2825 hoc
2466 2795 2622 2844 genus·

1600 2857 1932 2904 delectationis
1968 2856 2137 2903 italica
2171 2856 2417 2905 severitate
2451 2870 2625 2923 tempe-

1602 2947 1762 2982 ratum
1804 2935 2007 2998 ideoque
2038 2952 2252 2982 vacuum
2294 2947 2411 2983 nota
2454 2937 2618 2987 finisse.

1601 3013 1846 3061 Posterius
1870 3014 2015 3061 etiam
2038 3014 2169 3061 bunc
2190 3016 2352 3062 locum
2381 3027 2519 3064 notat
2543 3018 2620 3063 Li-

1601 3092 1735 3150 vius,
1772 3091 2010 3156 aliamque
2063 3093 2205 3141 affert
2253 3110 2472 3153 causam,
2531 3112 2619 3142 cur

1602 3172 1946 3219 Atellanarum
1980 3184 2167 3219 actores
2205 3172 2402 3220 meliore
2436 3174 2619 3222 fuerint

1603 3250 1887 3298 conditione
1906 3285 1920 3310 ‚
1957 3268 2100 3315 quam
2121 3250 2371 3299 histriones
2388 3287 2403 3309 ‚
2444 3253 2530 3316 qui
2548 3253 2615 3300 ob

1601 3330 1908 3378 inhonestam
1927 3366 1942 3389 ‚
1988 3347 2131 3394 quam
2172 3332 2504 3389 exercuerint,
2541 3348 2616 3378 ar-

1603 3422 1727 3471 tem,
1748 3411 1945 3458 infamia
1965 3411 2064 3458 sint
2089 3410 2246 3457 notati
2275 3421 2325 3457 et
2350 3410 2474 3456 tribu
2496 3411 2620 3457 moti

1602 3489 1743 3555 (vide
1767 3490 1831 3538 ad
1856 3491 1943 3547 lv,
1972 3497 2065 3547 24,
2085 3506 2136 3536 n.
2161 3487 2249 3553 5),
2269 3505 2426 3551 neque
2443 3489 2615 3552 stipen-

1599 3569 1687 3616 dia
1689 3568 1866 3634 facere
1885 3569 2137 3631 potuerint
2156 3581 2169 3615 τ
2193 3584 2303 3615 nam
2321 3568 2490 3615 militia
2501 3580 2614 3616 ante

1598 3647 1744 3694 Marii
1767 3658 1982 3711 tempora
2012 3657 2113 3694 erat
2133 3646 2471 3696 honestissima
2485 3681 2499 3705 ‚
2521 3664 2613 3695 nec

1594 3726 1772 3773 milites
1809 3726 2092 3789 legebantur
2130 3742 2193 3773 ex
2227 3724 2395 3773 infima
2433 3726 2611 3773 civium

1597 3805 1747 3852 classe
1765 3839 1781 3861 ,
1826 3805 1918 3852 nisi
1957 3816 2170 3853 extrema
2211 3806 2496 3853 necessitate
2535 3823 2613 3853 ur·

1599 3895 1756 3947 gente.
1778 3911 1847 3920 —-
1865 3884 2113 3933 Atellanas
2136 3900 2337 3949 prorsus
2370 3885 2469 3932 fere
2497 3885 2614 3932 con-

1576 3963 1781 4026 xgruisse
1805 3963 1979 4011 fabulis
2001 3965 2158 4011 Graec.
2177 3964 2613 4028 comico-satyricis

1598 4042 1870 4106 suspicatur
1893 4037 2172 4090 Eichktaedt
2195 4042 2257 4091 de
2279 4042 2427 4090 dram.
2450 4043 2610 4091 Graec.

1597 4135 1723 4167 com.
1743 4132 1830 4168 sat.
1850 4137 1900 4185 p.
1923 4121 2015 4181 53,
2044 4122 2107 4176 64
2131 4138 2202 4185 sq.
2227 4121 2291 4183 ⁶75
2314 4137 2387 4187 sq.
2406 4131 2455 4168 et
2473 4122 2556 4179 84.
