3000 4717
372 423 622 528 15:232:
902 444 1218 511 LIBER
1265 444 1395 514 tv.
1452 440 1662 510 CAP.
1719 443 1848 510 v1.
2359 465 2438 539 17

320 590 636 665 praesens
694 578 1057 642 certamen
1113 563 1484 663 respondit
1505 619 1525 652 ‚
1571 563 1773 661 quod
1799 573 1828 606 ²
1865 588 2075 635 nemo
2116 563 2447 663 plebeius

322 681 657 772 auspicia
689 674 1026 763 haberet,·
1052 673 1360 772 ideoque
1385 674 1814 744 decemviros
1836 674 2276 746 connubium
2293 673 2321 718 ³
2351 675 2450 746 di-

325 792 650 872 remisse,
678 779 769 855 ne
798 791 1063 856 incerta
1077 785 1289 882 prole
1321 791 1656 882 auspicia
1684 785 2161 856 turbarentur.
2198 784 2450 857 Plebes

325 894 418 967 ad
457 894 541 966 id·
568 897 876 969 maxime
922 896 1416 993 indignatione
1469 899 1732 966 exarsit
1753 951 1772 985 ,
1822 896 2024 993 quod
2062 897 2450 992 auspicari,

328 1017 674 1101 tanquam
708 1006 919 1076 invisi
961 1006 1093 1077 diis
1132 1004 1691 1095 immortalibus,
1732 1020 2169 1102 negarentur
2196 1029 2450 1104 posse:

329 1140 466 1186 nec
500 1129 667 1186 ante
702 1114 870 1188 finis
915 1118 1465 1188 contentionum
1492 1114 1626 1190 fuit
1670 1117 1942 1212 (quum
1978 1131 2049 1187 et
2078 1117 2458 1188 tribunum

335 1227 765 1298 acerrimum
799 1240 1164 1298 auctorem
1201 1226 1450 1326 plebes
1490 1241 1698 1297 nacta
1731 1241 1915 1297 esset
1937 1282 1957 1316 ,
1995 1243 2065 1298 et
2106 1229 2261 1324 ipsa
2293 1252 2460 1299 cum

333 1361 422 1406 eo
448 1339 841 1434 pertinacia
870 1336 1262 1433 certaret),
1296 1362 1515 1435 quam
1547 1339 1717 1406 victi
1750 1335 2045 1406 tandem
2073 1343 2347 1429 Patres,
2380 1352 2464 1409 ut

334 1447 424 1526 de
479 1448 854 1520 connubio
913 1448 1253 1537 ferretur,
1308 1471 1789 1519 consensere:
1828 1449 1924 1516 ita
1970 1449 2278 1518 maxime
2327 1452 2462 1520 rati

334 1561 881 1630 contentionem
912 1559 1003 1629 de
1037 1557 1338 1655 plebeiis
1380 1555 1798 1627 consulibus
1833 1554 2163 1627 tribunos
2188 1571 2313 1628 aut
2347 1573 2462 1630 to-

335 1682 482 1739 tam
516 1659 1007 1768 deposituroS,
1038 1684 1163 1738 aut
1198 1683 1363 1764 post
1386 1668 1662 1740 bellum
1701 1668 2046 1741 dilaturos
2079 1695 2271 1758 esse3
2301 1695 2470 1742 con-

336 1792 761 1874 tentamque
794 1777 1086 1848 interim
1106 1777 1476 1848 connubio
1504 1777 1791 1875 plebem
1818 1793 2138 1876 paratam
2158 1778 2473 1850 delectui

335 1887 515 1959 fore.
561 1890 856 1978 Quum‘*
893 1889 1281 1959 Canuleius
1313 1889 1611 1959 victoria
1648 1888 1739 1959 de
1768 1888 2094 1961 Patribus
2132 1904 2203 1961 et
2237 1889 2470 1987 plebis

339 1995 581 2068 favore
623 2000 877 2094 ingens
915 2013 1098 2070 esset
1119 2054 1138 2088 ,
1179 2001 1458 2072 accensi
1496 2000 1614 2069 alii
1653 1999 1928 2070 tribuni
1969 1999 2059 2070 ad
2106 2015 2473 2072 certamen

340 2131 475 2206 pro
509 2110 886 2205 rogatione
913 2134 1040 2182 sua
1058 2134 1337 2181 summa
1367 2112 1439 2180 vi
1468 2125 1828 2208 pugnant,
1850 2126 1922 2181 et
1945 2165 1964 2199 ,
1999 2126 2366 2183 crescente
2398 2112 2476 2180 in

340 2218 493 2290 dies
511 2219 698 2291 fama
715 2220 891 2292 belli
914 2275 933 2310 ‚
959 2220 1322 2293 delectum
1360 2220 1790 2318 impediunt.
1834 2223 2221 2310 ConsuleS,
2245 2242 2474 2317 quum

241 2383 254 2394 ,
338 2353 473 2427 per
506 2348 870 2423 senatum,
906 2333 1527 2411 intercedentibus
1559 2331 1870 2404 tribunis
1895 2387 1914 2421 ,
1950 2332 2276 2430 nihilfagi
2307 2356 2476 2429 pos-

298 2459 299 2462 ’
341 2454 485 2527 set,
524 2442 820 2512 consilia
856 2443 1271 2540 principum
1323 2442 1526 2513 domi
1575 2441 1944 2514 habebant
1978 2469 1993 2512 ε
2034 2440 2431 2541 apparebat
2455 2497 2476 2532 ‚

341 2566 467 2621 aut
503 2551 870 2642 hostibuS,
908 2569 1032 2626 aut
1070 2552 1395 2626 civibus⁵
1434 2554 1527 2624 de
1575 2557 1876 2626 victoria
1926 2554 2477 2626 concedendum

343 2684 497 2732 esse
548 2688 564 2731 :
628 2662 761 2731 soli
815 2687 903 2733 ex
955 2664 1452 2735 consularibus
1497 2663 1824 2736 Valerius
1883 2680 2101 2762 atque
2149 2666 2485 2735 Horatius

348 2795 503 2843 non
535 2772 935 2842 intererant
972 2773 1305 2843 consiliis,
1341 2777 1421 2843 C.
1453 2772 1737 2843 Claudii
1762 2775 2126 2844 sententia
2154 2772 2487 2842 consules

349 2879 675 2952 armabat
730 2882 807 2951 in
864 2878 1243 2951 tribunos:
1294 2882 1761 2970 Quintiorum
1808 2882 2365 2976 Cincinnatique
2417 2892 2489 2950 et

355 2989 748 3087 Capitolini
798 2992 1173 3062 sententiae
1223 2988 1719 3061 abhorrebant
1769 3014 1810 3059 a
1858 2987 2048 3059 caede
2101 2987 2488 3058 violandis-

358 3121 537 3193 que,
567 3124 755 3196 quos
777 3154 796 3188 ,
822 3100 1094 3171 foedere
1126 3102 1269 3171 icto
1306 3125 1472 3171 cum
1503 3098 1719 3197 plebe
1739 3154 1758 3188 ,
1780 3112 2271 3169 sacrosanctos
2305 3124 2491 3170 acce-

353 3208 647 3303 pissent.
684 3216 820 3282 Per
846 3212 997 3283 haec
1035 3212 1330 3283 consilia
1360 3237 1448 3282 eo
1479 3209 1789 3281 deducta
1825 3234 1943 3281 res
1974 3223 2114 3296 est,
2145 3223 2227 3279 ut
2254 3208 2487 3279 tribu-

358 3337 493 3384 nos
514 3318 827 3389 militum
856 3321 1219 3394 consulari
1247 3333 1603 3418 potestate
1628 3321 2037 3417 promiscue
2056 3344 2144 3390 ex
2159 3318 2490 3391 Patribus
2554 3415 2560 3422 .

426 3508 476 3540 2·
522 3493 669 3555 Q¹¹⁰d
695 3512 833 3544 nemo
862 3500 1079 3562 plebeius
1120 3500 1371 3564 auspicia,
1465 3509 1582 3563 ptus
1605 3511 1744 3548 esset.
1782 3501 1857 3549 cf.
1881 3501 1946 3558 V,
1980 3515 2037 3559 17
2066 3485 2142 3563 pr.
2172 3524 2242 3535 -
2272 3496 2379 3544 Alii
2403 3494 2489 3542 tri·
2522 3471 2532 3479 “

351 3572 432 3633 jus
458 3587 513 3619 ea
541 3572 766 3637 capiendi
780 3608 795 3632 ‚
821 3574 1041 3634 haberet,
1073 3579 1188 3625 vide
1213 3580 1275 3626 ad
1296 3581 1347 3626 11
1363 3612 1379 3637 ‚
1466 3578 1587 3625 huni
1591 3595 1688 3643 pro
1707 3579 1961 3643 rogatione
1974 3594 2091 3633 sua,
2113 3588 2206 3624 etc.
2225 3576 2301 3623 cf.
2320 3589 2426 3639 cap.
2448 3588 2496 3620 1.

361 3650 450 3709 33,
478 3667 528 3697 Π·
560 3653 606 3698 3·
1336 3679 1341 3684 ·
1467 3658 1595 3704 Mox
1608 3657 1817 3704 concilia
1820 3656 2099 3721 principum
2110 3652 2320 3700 malebat
2338 3655 2494 3701 Gron.

431 3729 481 3776 3.
510 3729 809 3777 Connubium
835 3732 1031 3777 Patrum
1054 3742 1103 3779 et
1123 3734 1280 3797 plebis
1306 3734 1380 3781 dae'-
1470 3734 1584 3781 vide
1617 3734 1679 3781 ad
1712 3737 1761 3791 1,
1788 3734 1878 3790 54,
1906 3749 1957 3779 n.
1991 3747 2036 3780 1.

275 3842 287 3856 .
362 3807 578 3865 remisse,
607 3825 866 3873 separasse.
891 3836 961 3846 --
986 3811 1248 3873 Auspicari
1261 3846 1275 3867 ‚
1304 3827 1384 3858 au·
1544 3811 1591 3858 5.
1615 3812 1799 3859 Civibus
1814 3808 2097 3856 devictoria
2112 3809 2495 3868 eoncedendum,

364 3886 517 3950 spicia
530 3888 1138 3950 capere.-Turbarentur.
1153 3889 1277 3938 Cod.
1286 3892 1383 3937 Ox.
1471 3890 1586 3936 vide
1610 3889 1673 3935 ad
1695 3891 1798 3947 111,
1827 3888 1894 3935 60
1911 3922 1926 3944 ,
1947 3903 1995 3934 n.
2027 3895 2086 3947 43
2113 3904 2261 3952 quam
2284 3888 2516 3935 maxime·

364 3964 458 4012 sert
469 3967 898 4028 perturbarentur,-
921 3967 1008 4015 sed
1027 3967 1188 4015 nullus
1207 3968 1252 4015 ei
1272 3983 1385 4015 con·
1471 3966 1711 4015 tribunitii
1725 4001 1742 4024 ,
1783 3978 1832 4012 ec
1868 3981 2107 4030 prensare
2153 3966 2367 4014 homines
2382 4003 2399 4025 ,
2441 3967 2501 4018 τὸ

366 4043 504 4092 cinit.
531 4045 621 4092 En.
1472 4060 1623 4109 quam
1648 4043 1887 4092 redundat
1902 4080 1916 4104 ,
1939 4055 2084 4108 atque
2108 4044 2231 4092 illud
2253 4056 2303 4092 et
2321 4045 2502 4093 rectius

436 4130 484 4178 4.
515 4124 671 4184 Quum
697 4125 952 4174 Canuleius
963 4161 976 4174 .
989 4163 1003 4175 .
1017 4161 1031 4174 .
1049 4126 1214 4193 ingens
1232 4136 1355 4174 esset
1364 4160 1382 4183 ,
1472 4123 1699 4182 abfuerit,
1710 4136 1764 4172 ut
1778 4125 1938 4189 simpl.
1948 4124 2162 4172 otiosum
2175 4139 2187 4173 :
2200 4140 2359 4187 neque
2371 4127 2504 4171 enim

359 4201 624 4267 plurimum
661 4205 827 4267 gloriae
861 4216 912 4254 et
942 4206 1246 4256 auctoritatis
1273 4205 1387 4254 ade·
1475 4202 1871 4253 distributionem
1889 4204 2004 4252 facit
2021 4219 2133 4252 cum
2148 4203 2302 4250 altero
2319 4213 2393 4260 et,
2416 4198 2505 4251 ud

606 4294 710 4363 II.
2114 4315 2157 4363 a
