3000 4717
419 456 426 460 -
469 399 590 501 {31ss:
620 397 843 514 ζξξῑζξξς
893 412 1200 484 LIBER
1248 416 1334 483 v.
1390 413 1597 482 GAP.
1652 412 1900 483 xvu.
1951 412 2240 481 xv111.
2394 396 2524 506 5157

415 546 848 611 invisitatam
868 592 889 625 ,
935 560 1157 607 novos
1209 532 1496 606 accolas
1550 532 1797 605 Gallos
1832 557 1984 603 esse
2002 585 2023 617 ,
2067 557 2226 606 cum
2273 533 2529 630 quibus

347 707 360 719 .
415 642 729 748 nec-pax
755 653 926 720 satis
934 647 1142 742 fida,
1174 670 1305 717 nec
1340 644 1608 716 bellum
1628 652 1774 741 p‘ro
1817 657 2002 714 certo
2028 647 2158 714 sit:
2192 650 2531 741 sanguini

392 775 659 832 ⁸tamen
695 763 1107 854 nominique
1143 773 1214 826 et
1228 754 1714 854 praesencibus
1730 751 2075 852 periculis
2109 760 2527 848 consangui-

415 896 716 943 neorum
756 869 838 940 td
867 868 1036 938 dari
1049 881 1104 953 9,
1144 883 1254 953 ut,
1291 872 1357 938 si
1390 872 1522 964 qui
1533 866 2122 959 juventutissuoe
2157 864 2529 935 voluntate

416 980 526 1051 ad
550 971 633 1050 id
660 979 926 1052 bellum
957 992 1155 1065 eant,
1187 1002 1333 1050 non
1370 976 1785 1074 impediant.
1812 979 2001 1045 'Eum
2034 997 2373 1071 magnum
2404 973 2528 1043 ad-

413 1092 692 1162 venisse
737 1091 1053 1162 hostium
1095 1112 1482 1161 numerum
1505 1141 1524 1175 ,
1564 1084 1748 1158 fama
1783 1090 2029 1157 Romae
2065 1098 2253 1172 erat3
2298 1108 2532 1181 eoque

355 1190 362 1199 “
414 1201 786 1272 mitescere
824 1199 1193 1273 discordiae
1227 1198 1582 1271 intestinae
1617 1210 1818 1269 metu
1855 1194 2263 1281 communi,
2299 1208 2380 1264 ut
2413 1191 2496 1263 fit
2513 1246 2532 1281 ,

416 1332 527 1378 Goe
581 1324 687 1380 tae.

508 1311 774 1492 {VIII}
817 1419 1022 1490 Haud
1063 1421 1303 1490 invitis
1339 1414 1669 1488 Patribus
1703 1419 1777 1484 Ρ.
1815 1414 2170 1486 Licinium
2189 1423 2211 1454 ¹
2238 1411 2534 1484 Calvum

382 1534 398 1611 ’,
413 1530 878 1628 praerogativa
909 1528 1287 1599 tribunum
1320 1526 1631 1595 militum
1664 1548 1818 1594 non
1848 1538 2217 1622 petentem
2250 1506 2536 1613 creant:

413 1639 929 1710 moderationis
956 1636 1367 1732 expertae'in
1395 1635 1636 1732 priore
1665 1635 2078 1731 magistratu
2105 1634 2373 1722 virum,
2403 1658 2534 1705 cae-

414 1758 653 1818 terum
680 1750 829 1844 jam
863 1762 1021 1818 tum
1053 1759 1316 1817 ‘exactae
1348 1747 1609 1815 aetatis:
1643 1769 2042 1841 omnesque
2079 1742 2419 1842 deinceps
2446 1769 2535 1815 ex

415 1858 718 1955 collegio
758 1859 1073 1954 ejusdem
1112 1858 1329 1927 anni²
1356 1854 1557 1927 refici
1590 1853 1978 1953 apparebat
1997 1909 2017 1943 ‚
2049 1860 2128 1926 L.
2153 1855 2533 1944 Titinium,

414 1970 897 2054 P.'Maenium,
931 1973 1005 2038 P.
1043 1966 1392 2055 Maelium,
1429 1970 1564 2035 Cn.
1605 1965 2050 2051 Genucium,
2087 1968 2163 2034 L.
2197 1965 2531 2036 Atilium:

323 2127 327 2130 «
411 2077 540 2173 qui
571 2077 991 2174 priusquam
1022 2071 1659 2147 renuntiarentur3
1675 2075 1839 2169 jure
1870 2073 2534 2165 vocatistribubuS‚

409 2189 761 2283 permissu
792 2188 1170 2285 interregis
1201 2190 1272 2255 P.
1305 2187 1621 2257 Licinius
1652 2184 1913 2256 Calvus
1943 2186 2042 2255 ita
2077 2182 2296 2257 verba
2332 2183 2530 2257 fecit:

408 2325 444 2361 (ε
482 2302 717 2369 Omen
754 2297 1192 2385 concordiae,
1222 2297 1572 2388 Quirites,
1598 2298 1705 2366 rei
1731 2297 2038 2366 maxime
2065 2296 2143 2365 in
2172 2295 2534 2366 boetem-.-

337 2404 344 2413 ’
408 2435 443 2470 «
480 2430 617 2503 pus
651 2408 846 2495 utili,
884 2408 1233 2479 memoria
1259 2408 1488 2478 nostri
1516 2407 1966 2504 magistratus
1994 2429 2123 2476 vos
2159 2404 2271 2475 his
2312 2406 2532 2476 comi-

411 2580 583 2628 Benter
597 2582 825 2630 Creverio
849 2585 1128 2632 assentirem
1149 2585 1425 2632 existiman·

342 2646 348 2653 ’
413 2659 451 2706 ti
468 2693 482 2718 ‚
510 2660 705 2720 Ganos,
734 2673 927 2725 gentem
955 2662 1273 2718 invisitatam,
1311 2663 1428 2710 false

411 2738 475 2786 ab
498 2740 713 2788 Etruscis
735 2740 968 2805 appellari
982 2774 997 2799 ,
1024 2757 1175 2803 quum
1201 2753 1312 2789 ante
1340 2742 1428 2789 du-

411 2829 582 2866 centos
612 2820 713 2879 jam
749 2834 928 2877 annos,
968 2819 1080 2884 ipso
1115 2829 1239 2868 teste
1262 2820 1429 2879 Livio,

409 2897 535 2944 infra
548 2914 655 2962 cap.
676 2899 740 2955 34
752 2932 767 2958 ,
791 2897 919 2946 Galli
938 2909 988 2946 et
1003 2899 1057 2945 in
1070 2897 1261 2946 Italiam
1275 2910 1431 2947 trans·

412 2977 561 3038 gressi
586 2977 710 3035 sint,
736 2988 917 3025 etcum
939 2977 1110 3025 Tuscis
1134 2993 1237 3025 rem
1255 2976 1435 3024 habue-

409 3054 527 3100 rint.
541 3056 630 3103 En.
650 3056 774 3114 Alii,
797 3056 873 3104 vel
891 3057 946 3108 τὸ
962 3072 1023 3103 ea
1041 3055 1302 3103 delendum
1314 3088 1328 3113 ‚
1347 3071 1434 3118 pu·

412 3140 538 3190 tant,
557 3133 634 3180 vel
650 3134 926 3198 legendum,
940 3151 1087 3200 quum
1099 3135 1330 3193 maxime,
1349 3144 1433 3181 aut

413 3222 591 3271 negare
604 3214 831 3261 maa-ime.
862 3218 922 3262 In
941 3214 1034 3262 hac
1050 3226 1200 3278 parce
1219 3212 1432 3261 Etruria.-

406 3297 624 3350 gentem,
651 3301 742 3338 ete.

486 3379 533 3426 9.
556 3368 793 3431 Sanguini
810 3380 970 3417 tamen
988 3404 1000 3417 .
1014 3404 1027 3418 .
1040 3405 1053 3418 .
1072 3370 1129 3418 id
1146 3371 1281 3429 dari,
1306 3370 1426 3419 vide

410 3441 475 3491 ad
492 3444 598 3503 111,
627 3445 689 3491 58
707 3480 722 3504 ,
747 3463 795 3492 n.
828 3455 875 3502 4.
896 3475 964 3484 -
994 3449 1280 3506 Voluntate‚
1310 3449 1425 3497 vide

414 3521 476 3569 ad
502 3525 603 3583 111,
632 3525 727 3584 69,
752 3541 802 3571 n.
829 3527 875 3572 8.

484 3602 605 3649 ΟΛΡ.
620 3603 811 3648 XVIII.
836 3617 880 3649 1.
901 3605 957 3650 P.
977 3603 1212 3650 Licinium
1230 3603 1426 3651 Calvum

414 3677 557 3743 (vide
582 3696 691 3744 cap.
724 3696 783 3727 12
798 3678 819 3743 )
836 3682 1166 3744 praerogativa
1198 3681 1338 3748 (vide
1363 3682 1426 3729 ad

413 3759 515 3815 111,
534 3758 595 3804 51
612 3793 627 3817 ‚
645 3775 695 3807 n.
726 3760 785 3823 3)
814 3771 984 3806 creant
1003 3774 1095 3822 pro
1123 3771 1284 3816 creat,
1309 3776 1429 3823 quo·

411 3836 543 3883 niam
580 3838 939 3902 praerogativa,
979 3838 1165 3886 scilieet
1212 3839 1428 3886 centuria

411 3926 485 3963 est
507 3931 689 3964 nomen
713 3912 1041 3964 collectivum.

484 4011 532 4042 2.
578 3997 845 4059 Omnesque
881 3995 1102 4059 deinceps
1136 4011 1201 4042 ex
1226 3994 1424 4058 collegio

415 4073 624 4137 ejusdem
650 4074 796 4132 anni,
825 4074 938 4122 vide
965 4073 1029 4122 ad
1052 4075 1143 4132 IV,
1173 4089 1231 4133 17
1250 4107 1265 4131 ‚
1291 4089 1340 4120 n.
1363 4074 1419 4133 6;

415 4163 464 4200 et
484 4153 650 4202 confer
667 4169 810 4217 supra
831 4169 937 4217 cap.
954 4169 974 4199 1
985 4170 1011 4200 2
1027 4187 1041 4213 ,
1059 4154 1146 4200 ubi
1159 4165 1319 4201 tamen
1330 4168 1425 4217 pro

1520 2584 1734 2631 Genucio
1759 2596 1808 2632 et
1835 2585 1988 2632 Atilio
2015 2594 2344 2633 memorantur
2362 2585 2534 2633 Furius

1517 2673 1566 2708 et
1591 2662 1825 2709 Publilius
1852 2680 1871 2709 .·
1896 2679 2002 2711 non
2029 2666 2157 2711 enim
2187 2664 2352 2711 Livius
2378 2663 2531 2724 dicit,

1517 2729 1680 2786 omnes
1705 2739 1905 2804 resectos
1932 2757 2032 2789 esse
2058 2744 2161 2802 ejus
2187 2742 2417 2804 collegio,
2447 2742 2534 2790 sed

1519 2831 1681 2863 omnes
1699 2816 1835 2883 refici
1855 2819 2141 2882 apparebat.
2163 2818 2411 2868 Diodorus
2427 2819 2534 2868 haec

1520 2895 1623 2942 edit
1640 2896 1837 2942 nomina
1848 2930 1862 2953 ‚
1879 2896 1966 2944 lib.
1982 2898 2124 2954 XIV,
2143 2913 2254 2960 pag.
2266 2899 2366 2951 443
2383 2930 2399 2956 ,
2419 2898 2536 2948 Δεύ-

1519 2992 1619 3025 κιον
1656 2973 1888 3037 Τιτίνιον,
1918 2974 2129 3025 Πόπλιον
2160 2975 2399 3031 Λικίνιον,
2437 2975 2534 3026 Πό-

1519 3058 1656 3105 πλιον
1673 3050 1881 3104 Mamm·
1895 3084 1910 3112 ‚
1928 3054 2131 3105 Κοῖντον
2146 3054 2353 3106 Μαίνιον
2367 3092 2382 3117 ,
2398 3056 2535 3107 Γναῖ-

1523 3152 1570 3184 ον
1595 3132 1816 3185 Γενὺκιον
1836 3164 1853 3191 ‚
1877 3131 2074 3183 Λεύκιον
2107 3126 2318 3186 Ᾰτίλιον.
2342 3135 2433 3182 En.

1593 3213 1641 3260 3.
1681 3211 1778 3275 Qui
1799 3212 2089 3276 priusquam
2126 3213 2528 3272 renuntiarentur,

1515 3292 1949 3354 pronuntiarentur
1963 3307 2082 3340 voce
2095 3294 2336 3356 praeconis
2346 3327 2361 3353 ,
2373 3294 2532 3342 nomi-

1514 3386 1671 3434 naque
1689 3387 1855 3418 eorum
1871 3370 2202 3420 indicarentur
2209 3371 2326 3436 jure
2341 3372 2532 3419 ‘mc-atis

1514 3449 1753 3507 tribubus,
1782 3466 1830 3499 v.
1850 3451 1925 3497 111
1940 3484 1955 3509 ,
1980 3450 2041 3497 51
2059 3483 2073 3508 ,
2092 3467 2141 3499 n.
2167 3452 2213 3499 3.
2237 3452 2338 3498 Alii
2358 3449 2531 3497 distin-

1513 3540 1667 3592 guunt
1677 3540 1792 3592 post
1803 3529 2208 3586 renuntiarentur,
2226 3529 2534 3591 improbante

1516 3606 1796 3665 Gronovio,
1818 3607 1904 3669 qui
1925 3622 2083 3654 sermo
2103 3607 2279 3654 Licinii
2298 3607 2533 3675 adipsum

1516 3698 1709 3746 quoque
1755 3686 2126 3747 prerogativam
2173 3684 2386 3731 directum
2429 3684 2494 3732 sit
2520 3699 2531 3732 :

1514 3761 1651 3824 quod
1676 3778 1844 3809 verum
1869 3761 2067 3824 quidem
2101 3777 2205 3809 esse
2231 3760 2350 3810 dicit
2374 3762 2504 3810 Duk.
2519 3798 2532 3821 ,

1516 3839 1602 3886 sed
1639 3839 1879 3886 Licinium
1918 3839 2164 3902 praecipue
2192 3840 2300 3899 jure
2337 3852 2531 3890 vocatas

1517 3916 1757 3965 deterrere
1778 3915 2014 3975 voluisse,
2033 3933 2096 3964 ne
2115 3917 2395 3982 suffragium
2410 3936 2555 3988 proeg

1513 3995 1745 4057 rogativae
1770 4008 2108 4057 sequerentur3
2140 4014 2300 4062 neque
2320 3999 2429 4046 loca
2454 4014 2528 4047 re-

1514 4073 1688 4138 periri,
1716 4074 1805 4122 ubi
1823 4073 1974 4122 verbo
1995 4076 2273 4126 renunciare
2290 4078 2382 4127 hae
2400 4078 2460 4143 iq
2477 4093 2529 4123 re

1512 4151 1684 4201 tertius
1703 4153 1911 4203 addatur
1932 4170 2083 4205 casus.
