3000 4717
430 336 552 440 313:
579 338 671 446 Ξῗζζ
908 357 1230 426 LIBER
1278 358 1492 425 VIII.
1549 357 1752 424 CAP.
1799 293 1939 422 VI.
2343 359 2479 456 437

379 481 569 550 Jovis
594 479 906 566 romani,
935 477 1297 547 auditam.
1335 491 1566 564 certe,
1599 500 1826 572 quum
1853 489 2256 547 commotus
2283 477 2387 548 ira
2410 505 2484 552 se

379 588 472 659 ab
517 588 872 660 vestibulo
913 588 1163 685 templi
1210 589 1426 658 citato
1474 585 1701 683 gradu
1753 587 2196 684 proriperet,
2246 589 2486 703 lapsus

376 721 510 795 per
534 697 828 794 graduS‚
859 699 1090 794 capite
1118 698 1424 794 graviter
1447 695 1804 783 offenso1,
1836 697 2186 795 impactus
2214 700 2366 770 imo
2379 698 2489 770 ita

378 822 487 880 est
505 831 709 893 sarm,
740 821 822 877 ut
843 808 1221 904 sopiretur.
1251 806 1754 876 Exanimatum
1783 819 2112 877 auctores
2144 810 2490 903 quoniam

376 942 529 987 non
575 941 829 988 omnes
882 930 1050 985 sunt
1068 970 1087 1004 ,
1132 914 1309 985 mihi
1352 939 1652 1011 quoque
1702 915 1778 983 in
1828 914 2106 985 incerto
2157 915 2490 987 relictum

378 1028 472 1098 sit
496 1055 511 1095 :
542 1029 724 1098 sicut
747 1028 933 1096 inter
955 1023 1309 1096 foederum
1331 1040 1718 1122 ruptorum
1737 1026 2191 1097 testationem
2213 1028 2491 1123 ingenti

374 1134 662 1235 fragore
691 1137 841 1206 caeli
872 1136 1264 1234 procellam
1294 1133 1597 1224 effusam
1636 1160 1651 1202 ε
1691 1159 1860 1205 nam
1898 1150 1970 1206 et
1999 1160 2168 1206 vera
2196 1159 2383 1222 esse,
2420 1151 2491 1207 et

376 1262 542 1345 apte
583 1245 673 1318 ad
722 1245 1372 1345 repraesentandam
1417 1246 1595 1315 iram
1641 1244 1906 1315 deum²
1954 1243 2121 1314 ficta
2165 1261 2487 1341 possunt.

375 1361 815 1454 Torquatus,
854 1358 1110 1427 missus
1146 1355 1237 1426 ab
1275 1369 1529 1427 senatu
1567 1353 1658 1424 ad
1693 1347 2160 1426 dimittendos
2196 1355 2492 1451 legatOS,

377 1492 605 1564 quum
627 1469 983 1563 jacentem
1017 1467 1332 1537 Annium
1358 1464 1688 1552 vidisset,
1723 1465 2107 1551 exclamat,
2136 1466 2233 1536 ita
2264 1479 2344 1535 ut
2372 1490 2494 1564 po-

374 1576 555 1675 pulo
584 1576 1052 1672 Patribusque
1084 1575 1325 1646 audita
1349 1600 1484 1646 vox
1515 1576 1785 1672 pariter
1813 1576 1946 1645 sit:
1975 1604 2009 1639 ε(
2032 1582 2220 1646 Bene
2252 1575 2487 1648 habet.

377 1718 411 1752 «
448 1689 564 1756 Dii
605 1689 805 1783 pium
852 1710 1141 1757 movere
1189 1684 1488 1756 bellum.
1539 1690 1664 1755 Est
1711 1685 1989 1756 caeleste
2036 1684 2338 1756 numen!
2383 1713 2488 1775 eS,

374 1827 413 1862 α
445 1820 701 1893 magne
734 1793 1037 1894 Jupiter!
1076 1794 1269 1866 haud
1309 1793 1575 1865 frustra
1605 1808 1675 1866 te
1712 1807 1991 1892 patrem
2017 1795 2235 1867 deum
2268 1795 2491 1867 homi·

374 1932 409 1968 α
455 1928 777 2000 numque
810 1904 945 1975 hac
978 1903 1145 1975 sede
1182 1906 1634 1974 sacravimus.
1673 1904 1868 1995 Quid
1903 1907 2222 1992 cessatiS,
2261 1908 2492 1996 Quiri-

376 2042 409 2078 «
448 2027 590 2101 teS,
627 2019 1193 2110 vosque,Patres
1233 2014 1652 2111 conscripti,
1680 2038 1874 2084 arma
1909 2037 2164 2111 capere
2189 2014 2323 2087 diis
2362 2015 2488 2086 du-

374 2152 409 2188 «
453 2123 697 2195 cibus?
729 2126 841 2195 Sic
877 2137 1127 2200 stratas
1165 2122 1485 2220 legiones
1521 2125 1947 2195 Latinorum
1983 2123 2205 2214 dabo,
2243 2150 2488 2222 quem·

374 2262 408 2297 α
447 2233 838 2305 admodum
881 2234 1197 2330 legatum
1238 2235 1593 2329 jacentem
1633 2233 1959 2307 videtis.»
1998 2238 2306 2306 Assensu
2352 2261 2489 2335 po-

375 2343 528 2441 puli
555 2359 851 2441 excepta
878 2370 1021 2415 vox
1049 2343 1367 2415 consulis
1398 2357 1681 2416 tantum
1714 2345 1988 2415 ardoris
2010 2346 2265 2416 animis
2297 2345 2489 2436 fecit,

375 2467 457 2522 ut
512 2453 781 2548 legatos
832 2453 1368 2549 proficiscentes
1425 2479 1598 2524 cura
1643 2455 2185 2550 magistratuum
2231 2459 2490 2555 magiS,

375 2563 501 2658 qui
513 2563 712 2656 jussu
738 2560 1053 2631 consulis
1071 2560 1732 2655 prosequebantur,
1765 2587 1984 2658 quam
1996 2564 2116 2658 jus
2136 2568 2486 2662 gentium,

373 2668 465 2740 ab
501 2671 603 2739 ira
635 2671 1055 2766 impetuque
1086 2667 1465 2736 hominum
1505 2684 1798 2765 tegeret.
1843 2676 2228 2745 Consensit
2260 2691 2332 2747 et
2373 2702 2485 2749 se·-

374 2795 585 2851 natus
617 2774 934 2850 hellum³
967 2775 1533 2873 :'consulesque,
1572 2778 1860 2849 duobus
1898 2781 2176 2878 scriptis
2219 2789 2481 2858 exerci-

373 2890 565 2962 tibus
593 2883 722 2986 pe'r
749 2894 1021 2960 Marsos
1049 2884 1524 2982 Pelignosque
1552 2884 1890 2984 profecti,
1929 2889 2272 2982 adjuncto
2302 2898 2488 2964 Sam-

289 3083 298 3088 ,
374 3002 632 3070 uitium
671 3000 1019 3086 exercitu,
1045 2997 1133 3068 ad
1167 3000 1522 3093 Capuam,
1553 3021 1701 3092 quo
1724 2996 1870 3090 jam
1906 3000 2485 3100 Latinisociique

377 3123 897 3195 convenerant,
932 3123 1160 3179 castra
1193 3107 1455 3178 locant.
1480 3105 1596 3178 Ibi·
1626 3107 1703 3176 in
1737 3107 1979 3202 quiete
2003 3111 2294 3207 utrique
2322 3138 2485 3184 con-

444 3309 654 3357 cmvl.
680 3323 728 3354 1.
750 3307 918 3370 Capite
933 3308 1147 3371 graviter
1168 3306 1383 3371 effinse,
1543 3323 1593 3356 2.
1624 3307 1714 3355 Ad
1741 3309 2180 3371 repraesentandam
2215 3311 2338 3359 iram
2369 3313 2482 3361 deo-

374 3403 603 3453 percusso
615 3421 630 3445 ‚
649 3386 727 3433 vel
738 3386 950 3449 impacto
961 3419 976 3443 ,
990 3387 1117 3432 illiso
1132 3385 1383 3449 gradibus,
1470 3402 1577 3433 rum
1588 3421 1602 3443 ‚
1622 3385 1735 3432 vide
1752 3386 1815 3432 ad
1828 3388 1878 3432 11
1892 3421 1906 3445 ,
1932 3388 2022 3445 36,
2043 3404 2092 3434 n.
2108 3388 2158 3437 6.
2175 3393 2380 3437 -Bene
2397 3391 2485 3439 lea·

372 3478 429 3515 ut
445 3468 618 3525 XXV,
640 3466 702 3524 37
717 3498 732 3522 ‚
758 3481 806 3510 n.
832 3480 860 3510 α
879 3497 894 3521 ,
923 3464 1089 3528 capita
1110 3463 1382 3528 offensare,
1472 3465 1578 3512 bet!
1603 3465 1744 3529 (vide
1765 3465 1834 3512 ad
1848 3466 1919 3513 vl
1935 3501 1948 3524 ‚
1971 3467 2054 3525 35,
2073 3483 2122 3513 n.
2146 3467 2220 3532 6.)
2248 3468 2487 3533 Diipium

373 3544 468 3593 hoc
496 3556 594 3604 est,
626 3542 813 3591 illidere
839 3542 1101 3606 capitibus,
1129 3542 1206 3589 vel
1231 3542 1385 3605 parie-
1472 3559 1684 3600 movere,
1707 3556 1966 3591 moverunt
1981 3579 1994 3602 ,
2018 3545 2213 3602 bellum,
2236 3548 2406 3596 confer
2421 3550 2484 3597 ad

270 3673 274 3680 ⁴
373 3623 533 3681 tibus,
567 3622 784 3680 foribus,
807 3631 975 3680 tertae3
1014 3619 1075 3668 de
1100 3635 1202 3683 quo
1224 3620 1383 3667 luctus
1463 3623 1522 3678 1,
1539 3637 1601 3667 22
1618 3623 1935 3678 ,n.6.--Est
1945 3624 2131 3670 eoeleste
2145 3640 2345 3681 numen,
2364 3639 2484 3686 etc„

374 3717 548 3767 genere
573 3701 684 3749 vide
706 3699 909 3748 Canub.
926 3699 990 3746 ad
1010 3701 1144 3747 Suet.
1162 3700 1292 3762 Aug.
1315 3699 1380 3745 23
1469 3700 1569 3747 hoe
1580 3712 1678 3757 est,
1699 3702 1808 3763 quis
1821 3716 1952 3748 nunc
1963 3700 2178 3760 dubitet,
2197 3705 2359 3752 omnin
2381 3708 2485 3770 regi

373 3792 497 3830 extr.
518 3808 588 3817 -—
620 3782 684 3826 Ut
708 3778 971 3841 sopiretur,
999 3777 1111 3824 vide
1136 3776 1199 3824 ad
1222 3779 1272 3836 1,
1297 3784 1379 3836 41,
1469 3777 1778 3842 providentia
1803 3778 1993 3836 divina,
2029 3796 2131 3828 non
2158 3780 2360 3831 fortuito
2385 3786 2479 3849 agi.

371 3877 426 3909 n.
451 3862 502 3907 6.
528 3885 597 3897 -ι-
614 3857 965 3904 Exanimacum
987 3873 1098 3904 eum
1128 3872 1233 3903 esse
1262 3872 1381 3919 quo·
1469 3856 1652 3905 Confer
1671 3858 1789 3904 Stat.
1807 3856 1923 3904 Silv.
1947 3859 1998 3914 1,
2027 3866 2056 3913 4
2071 3892 2085 3916 ,
2109 3875 2158 3906 n.
2186 3862 2485 3920 13‘ub1vide

375 3939 508 3987 niam
534 3954 629 3985 non
660 3951 821 3983 omnes
847 3947 1067 3981 auctores
1093 3945 1227 3989 seme,
1269 3933 1385 3981 vide
1468 3932 1636 3981 Barth.
1651 3967 1666 3992 ,
1692 3945 1742 3981 et
1762 3934 1976 3981 Brisson.
1997 3934 2057 3981 de
2078 3940 2233 3985 Form.
2254 3942 2301 3998 I,
2318 3958 2369 4005 p.
2394 3945 2474 3993 80,

375 4019 438 4066 ad
459 4021 535 4075 Π,
563 4018 656 4073 58,
685 4033 731 4061 n.
770 4031 812 4061 ι.
828 4040 896 4051 ·-
930 4014 1091 4069 Sieuc,·
1119 4012 1306 4060 scilicet
1332 4024 1381 4060 et
1541 4013 1588 4059 3.
1611 4012 1858 4060 Consenu'c
1882 4024 1932 4058 et
1944 4024 2137 4062 senatus
2158 4016 2352 4078 bellum,
2369 4022 2477 4071 vid„

373 4095 469 4144 hoc
492 4096 609 4144 mihi
631 4094 849 4143 relictum
871 4093 934 4141 sit
959 4093 1012 4140 in
1034 4093 1238 4141 incerto.
1467 4090 1531 4138 ad
1553 4092 1604 4149 1,
1633 4091 1722 4150 32,
1751 4107 1802 4138 n.
1836 4098 1913 4145 τά.
1942 4118 2009 4132 --·
2035 4092 2115 4140 Ibi
2143 4093 2192 4140 in
2215 4098 2395 4158 quiete,
2424 4103 2472 4148 in
