3000 4717
2313 331 2364 367 A.
2387 329 2435 368 C.
2463 331 2560 384 337.

506 350 645 438 446
1331 351 1406 417 Τ.
1474 347 1759 417 LIVII
2315 388 2369 428 u.
2388 389 2435 429 c.
2462 391 2557 437 με.

500 469 837 541 ordinum
882 471 1239 567 principes
1288 468 1772 567 recipiebant3
1828 483 1983 538 tum
2023 469 2432 566 principum
2468 463 2609 568 puss

497 604 636 677 gna
662 595 850 667 erat3
878 580 1133 652 hastati
1164 580 1690 677 sequebantur3
1726 579 1943 650 triarii
1971 577 2106 649 sub
2136 578 2411 651 vexillis
2440 605 2606 651 con·

499 689 830 762 sidebant
852 701 906 780 ⁷,
950 693 1239 763 sinistro
1282 715 1488 762 crure
1534 704 1911 787 porrecto,
1953 703 2165 772 scuta⁴
2191 691 2427 761 innisa
2468 690 2609 761 hu·-

497 802 744 889 meris,
787 801 1021 873 hastas
1062 801 1389 873 subrecta
1418 800 1717 898 cuspide
1761 802 1837 870 in
1887 813 2073 872 terra
2123 798 2301 871 fixas
2316 796 2372 888 ⁸,
2412 800 2611 871 haud

498 935 703 982 secus
759 935 980 1008 quam
1023 912 1211 983 vallo
1258 925 1459 1008 septa
1521 912 1930 982 inhorreret
1985 910 2169 981 acies
2190 931 2223 998 ,·
2255 924 2605 981 tenentes.

497 1022 570 1092 Si
612 1021 808 1118 apud
854 1024 1214 1120 principes
1253 1043 1553 1119 quoque
1594 1019 1791 1091 haud
1835 1022 2001 1092 satis
2041 1043 2384 1118 prospere
2426 1035 2612 1093 esset

500 1145 892 1228 pugnatum
918 1186 937 1219 ,
982 1156 1022 1202 a
1071 1133 1302 1229 prima
1352 1133 1501 1203 acie
1560 1131 1645 1201 ad
1711 1132 1986 1204 triarios
2037 1133 2298 1202 sensim
2342 1131 2605 1203 refere-

500 1239 805 1329 bantur3
838 1242 1008 1312 inde
1032 1267 1183 1313 rem
1210 1241 1315 1312 ad
1330 1248 1612 1313 tn‘an‘os
1634 1241 1924 1328 redisse,
1956 1266 2185 1338 quum
2211 1241 2609 1330 laboratur,

498 1350 887 1446 proverbio
917 1351 1333 1424 increbruit.
1358 1353 1610 1423 Triarii
1640 1368 2156 1449 consurgentes
2172 1361 2228 1438 9,
2256 1351 2379 1422 ubi
2414 1354 2487 1423 in
2516 1354 2616 1422 in·

503 1460 793 1530 tervalla
831 1460 1169 1532 ordinum
1215 1486 1508 1532 suorum
1558 1463 1915 1559 principes
1957 1476 2030 1532 et
2073 1460 2391 1531 hastatos
2424 1486 2616 1532 rece-

501 1571 802 1665 pissent,
841 1571 1204 1668 extemplo
1234 1573 1658 1669 compressis
1685 1569 2062 1643 ordinibus
2092 1569 2289 1641 velut
2324 1570 2615 1641 claude-—

498 1679 676 1751 bant
713 1683 897 1770 vias,
938 1707 1233 1778 unoque
1271 1683 1676 1754 continenti
1719 1683 2034 1780 agmine,
2068 1682 2216 1775 jam
2255 1679 2453 1772 nulla
2489 1704 2614 1777 spe

501 1805 666 1887 post
701 1791 983 1879 relicta,
1028 1793 1106 1862 in
1142 1792 1424 1862 hostem
1459 1792 1915 1879 incidebant3
1958 1791 2031 1862 id
2075 1806 2226 1862 erat
2270 1789 2615 1861 formido·

501 1900 933 1971 losissimum
951 1900 1174 1986 hosti,
1197 1926 1423 1999 quum
1437 1957 1456 1991 ,
1478 1902 1677 1973 velut
1695 1903 1919 1973 victos
1936 1901 2331 1997 insequuti,
2356 1923 2616 1970 novam

501 2028 801 2108 repente
851 2013 1076 2083 aciem
1129 2027 1634 2109 exsurgentem
1682 2026 1966 2082 auctam
2014 2036 2319 2082 numero
2373 2036 2619 2082 cerne—

499 2120 699 2191 bant.
729 2121 1246 2193 Scribebantur
1269 2136 1510 2192 autem
1534 2136 1847 2220 quatuor
1865 2120 2014 2194 fere
2037 2122 2354 2219 legiones
2378 2123 2621 2218 quinis

506 2229 818 2300 millibus
856 2231 1220 2327 peditum,
1259 2230 1623 2327 equitibus
1658 2233 1733 2302 in
1772 2231 2084 2328 singulas
2117 2233 2430 2330 legiones
2465 2245 2620 2303 tre-

575 2443 622 2483 7.
655 2425 834 2472 Triarii
848 2425 935 2471 sub
954 2424 1153 2472 vexillis
1173 2424 1514 2482 considebant,

503 2506 849 2562 subsidebant,
880 2503 1157 2570 ὑφιζάνουσι
1203 2497 1348 2562 (vide
1372 2506 1437 2554 ad
1463 2509 1488 2554 1
1501 2541 1516 2565 ‚

511 2590 597 2641 14,
621 2598 671 2630 u.
702 2580 790 2645 5),
818 2581 1011 2629 shiistro
1038 2598 1202 2638 crure,
1227 2583 1520 2647 pede‚por·

504 2673 660 2719 recto,
681 2671 913 2726 protento
931 2659 1044 2724 (qui
1062 2661 1207 2710 etiam
1231 2662 1405 2726 gradus
1422 2674 1522 2722 eet,

505 2755 593 2789 seu
633 2752 784 2789 status
819 2740 1083 2804 pugnantis
1118 2752 1167 2789 et
1189 2741 1406 2802 jaculum
1443 2741 1523 2789 vel

501 2821 726 2884 sagittam
750 2819 1046 2877 emittentis,
1087 2820 1223 2880 cujus
1237 2820 1367 2868 -inde
1403 2819 1525 2868 sini-

508 2913 661 2950 strum
695 2915 805 2947 orus
833 2899 915 2948 vel
937 2915 1028 2963 pes
1041 2931 1058 2957 ‚
1098 2899 1210 2962 quie
1247 2910 1388 2950 scuto
1425 2900 1526 2962 tegi

507 2996 614 3028 non
642 2989 859 3043 poterut,
895 2993 1041 3025 ocrea
1065 2977 1188 3041 tegi,
1229 2993 1318 3025 seu
1347 2979 1528 3024 muniri

509 3058 722 3114 solebat,
765 3056 828 3103 de
864 3071 964 3119 quo
989 3054 1102 3102 vide
1124 3057 1225 3112 lx,
1266 3062 1362 3113 40;
1391 3068 1441 3104 et
1462 3056 1528 3103 ad

505 3135 810 3185 Juvat-dxl
822 3169 836 3192 ,
860 3134 963 3181 256
977 3132 1021 3197 )‚
1047 3144 1095 3180 et
1108 3149 1240 3197 genet
1258 3134 1433 3181 dextro
1452 3134 1527 3182 in-

508 3214 604 3261 nisi
616 3231 636 3269 ,-
655 3224 703 3259 et
719 3223 887 3259 nutum
908 3212 1045 3258 ducis
1062 3210 1135 3258 ad
1147 3212 1528 3276 consurgendum

513 3292 886 3357 exspectabant;
913 3290 1027 3336 vide
1053 3290 1179 3336 infra
1204 3306 1312 3353 cap.
1342 3305 1373 3350 9
1400 3302 1525 3339 extr.

515 3371 696 3422 Confer
710 3370 775 3418 ad
790 3370 1021 3416 xxvm
1034 3401 1050 3425 ‚
1071 3384 1098 3415 2
1117 3402 1132 3424 ‚
1159 3384 1209 3414 n.
1233 3375 1281 3423 ⁴.

584 3453 632 3499 8.
653 3449 835 3496 Haseas
855 3446 1074 3493 subrecta
1091 3445 1293 3509 cuspide
1318 3445 1367 3491 in
1395 3457 1529 3494 terra

499 3531 645 3598 fixas
667 3533 873 3574 tenentes
889 3558 903 3579 ,
925 3524 1086 3570 hastas
1109 3539 1214 3571 non
1235 3523 1299 3569 nd
1319 3540 1528 3587 perpen-

513 3606 727 3656 diculum
743 3613 951 3660 erectas,
978 3601 1063 3648 sed
1085 3601 1179 3648 ime
1199 3617 1360 3648 earum
1390 3615 1529 3666 parte

513 3689 565 3734 in
585 3698 711 3734 terra
738 3683 938 3744 oblique
962 3679 1087 3739 fixa,
1105 3680 1171 3728 ita
1196 3680 1450 3740 tenebant,
1473 3695 1530 3730 ut

514 3765 678 3828 cuspis
701 3764 801 3811 fere
824 3760 887 3810 ad
906 3761 1044 3808 XLV.
1068 3770 1151 3808 aut
1174 3760 1265 3807 Lx
1294 3761 1529 3822 graduum

512 3842 741 3904 angulum
768 3849 927 3888 erecta
954 3849 1102 3895 esset,
1134 3837 1317 3886 Stroth.
1347 3839 1530 3887 Confer

518 3919 583 3963 ed
597 3919 724 3973 vll,
754 3932 815 3965 xo
831 3950 847 3974 ‚
867 3933 917 3964 n.
943 3917 994 3964 6.
1011 3916 1188 3964 Triarii
1206 3916 1398 3973 eadent,
1419 3931 1529 3982 quae

514 3993 760 4056 principes
773 4026 788 4050 ‚
810 3994 1057 4041 habebant
1074 4009 1229 4051 arma,
1251 3995 1338 4042 sed
1363 3996 1531 4045 hastas

515 4085 607 4132 pro
623 4068 739 4131 pilis
752 4102 767 4125 ,
788 4070 966 4130 quibu·
983 4074 1036 4117 in
1049 4072 1240 4119 suthria
1265 4084 1314 4121 et
1331 4090 1530 4124 manua-

1604 2426 1677 2472 ria
1688 2439 1852 2491 pugna
1869 2426 2085 2476 hostium
2102 2429 2355 2478 fodiebant
2371 2445 2475 2478 ora.
2488 2430 2621 2480 Con-

1604 2505 1679 2552 fer
1700 2505 1763 2552 ad
1780 2520 1888 2571 cap.
1916 2521 2007 2565 to,
2036 2524 2088 2557 n.
2119 2508 2496 2574 53Potyb.v1,
2523 2512 2621 2567 23,

1608 2599 1659 2631 n.
1691 2584 1786 2644 163
1806 2584 1937 2649 Lips.
1962 2587 2067 2633 mil.
2091 2590 2234 2635 Rom.
2255 2587 2357 2646 111,
2379 2589 2412 2636 6
2428 2599 2548 2636 extr.
2570 2589 2620 2635 in

1610 2674 1790 2711 terram
1820 2664 1909 2727 (ut
1946 2667 2022 2723 ΙΙ,
2061 2665 2285 2726 6531x,
2316 2682 2372 2727 73
2404 2669 2484 2725 X,
2524 2667 2622 2731 29)

1595 2741 1766 2810 fixas,
1808 2753 1864 2788 ue
1900 2742 2039 2791 haud
2074 2761 2233 2802 secus,
2280 2756 2370 2793 etc.
2416 2747 2623 2794 malebat

1610 2821 1839 2870 Gronvet
1865 2821 1937 2869 sie
1953 2838 2079 2870 unus
2107 2840 2134 2871 e
2161 2828 2340 2874 nosti-Is
2362 2826 2508 2874 codd.
2527 2827 2621 2874 En.

1611 2925 1685 2937 -—
1715 2897 1869 2947 Haud
1894 2915 2025 2950 secus
2061 2919 2211 2965 quam
2244 2905 2284 2952 si
2314 2905 2452 2952 vallo
2487 2916 2623 2968 septa

1613 2977 1877 3025 inhorreret
1888 2979 2042 3037 acies,
2063 2982 2215 3030 hastis
2232 2983 2509 3031 triariorum
2528 2999 2625 3030 erc·

1613 3057 1729 3111 etis:
1768 3067 1823 3103 ut
1852 3055 2124 3118 inhorrere,
2169 3061 2361 3110 horrere
2389 3074 2438 3111 et
2464 3063 2625 3110 Graeci

1615 3134 1825 3204 φρίσσιιν
1840 3138 2078 3188 dicuntur
2089 3155 2169 3202 ea,
2193 3160 2303 3207 quae
2327 3157 2487 3193 erecta
2507 3153 2626 3193 suut

1614 3228 1700 3261 seu
1725 3215 1964 3274 eminent,
1987 3233 2063 3265 res
2087 3231 2240 3268 acutae
2259 3221 2402 3272 sirnul
2421 3232 2624 3278 stantes,

1613 3309 1662 3340 v.
1678 3310 1721 3340 c.
1740 3294 1914 3354 hastae,
1933 3298 2121 3361 capilli,
2139 3300 2322 3359 aristae,
2347 3300 2487 3359 valli;
2511 3299 2625 3346 vide

1615 3372 1796 3431 XLIV,
1829 3382 1889 3429 41
1912 3409 1925 3432 ‚
1956 3391 2007 3423 n.
2041 3377 2096 3435 53
2138 3389 2187 3426 et
2211 3378 2295 3426 Sil.
2329 3380 2383 3437 1,
2411 3380 2529 3433 423.
2556 3406 2626 3415 —

1616 3451 2176 3520 Proverbiojncrebruit,
2203 3458 2378 3515 mvn,
2402 3473 2459 3504 12
2475 3461 2563 3515 ,‘n.
2580 3471 2624 3505 r.

1686 3544 1735 3590 9.
1754 3531 1933 3578 Triarii
1943 3546 2275 3599 consurgentes
2287 3535 2421 3600 (vide
2434 3546 2538 3583 not.
2551 3534 2627 3601 7),

1617 3607 1702 3654 ubi
1721 3609 1769 3655 in
1795 3609 2071 3667 intervalla,
2104 3623 2194 3660 etc.
2223 3614 2336 3661 vide
2361 3625 2465 3661 not.
2487 3614 2536 3662 6.
2558 3640 2629 3651 —

1617 3689 1678 3732 In
1698 3686 1878 3736 hostem
1904 3689 2207 3748 incidebant,
2234 3692 2309 3739 ed.
2337 3692 2533 3757 Gryph.
2555 3693 2627 3739 in-

1617 3765 1873 3822 cedebant,
1904 3767 2039 3830 quod
2064 3768 2256 3833 dignius
2283 3783 2357 3818 est
2375 3771 2511 3819 velut
2530 3786 2629 3834 gra,-

1617 3843 1766 3891 vitate
1790 3834 2066 3892 triariorum
2091 3859 2139 3894 et
2158 3850 2287 3908 iusta
2312 3837 2502 3913 pugna,
2523 3864 2629 3896 non

1614 3935 1731 3969 cusu
1750 3924 2032 3984 commissa3
2053 3927 2223 3975 Bauer.
2250 3954 2318 3964 —-
2344 3928 2533 3974 Novam
2553 3942 2629 3974 re-

1609 4010 1757 4061 pente
1784 4001 1939 4048 aciem
1960 4018 2291 4068 exsurgentem
2324 4016 2520 4053 auctam
2540 4021 2633 4051 nu-

1619 4093 1775 4134 mero,
1802 4080 1916 4127 vide
1931 4093 2036 4130 not.
2060 4089 2106 4137 4.
