3000 4717
552 326 692 413 430
1389 321 1467 389 T.
1533 321 1812 388 mvn
2308 304 2482 405 415:
2509 307 2604 416 2:23

550 446 729 517 liove
741 444 999 539 juvari
1034 447 1322 514 Groecos
1345 465 1369 509 .·
1410 463 1540 511 nec
1564 437 2004 511 Fundanum
2036 442 2585 520 Formianumve
2604 477 2658 522 a

545 579 623 627 se
670 552 1129 636 sollicitato&
1198 555 1468 649 quippe
1526 556 1816 621 minime
1850 557 2206 647 poenitere
2256 579 2335 626 se
2388 563 2654 633 virium

544 688 844 736 suarum
856 660 909 748 3,
945 668 1007 733 si
1047 660 1314 733 bellum
1329 659 1651 758 placeat.
1699 665 2051 733 Caeterum
2090 688 2237 734 non
2254 689 2480 762 posse
2512 668 2654 740 die-

542 772 873 848 simulare
885 827 924 874 ,·
945 797 1135 870 oegre
1150 778 1317 872 pati
1355 776 1702 843 civitatem
1744 774 2161 843 Samnitium
2180 826 2201 860 ‚
2247 776 2453 872 quod
2476 782 2651 850 Fre-

538 882 766 981 gellas
797 907 896 954 ex
929 887 1006 954 V
996 882 1202 954 obsco·
1219 938 1243 971 ,
1274 897 1525 978 captas
1549 880 1968 979 dirutasque
1994 880 2093 954 ab
2126 909 2204 956 se
2215 937 2238 971 ,
2281 893 2654 961 restituerit

541 1016 887 1064 romanus
918 991 1274 1091 populus,
1333 990 1842 1089 coloniamque
1882 999 1957 1064 in
1998 996 2417 1066 Samnitium
2466 1022 2649 1095 agro

543 1107 986 1200 imposuerit,
1032 1128 1255 1201 quam
1291 1100 1536 1174 coloni
1558 1127 1810 1173 eorum
1832 1102 2199 1201 Degellas
2242 1105 2608 1202 appellent
2625 1137 2650 1181 .·

541 1239 703 1285 eam
732 1240 810 1286 se
841 1213 1346 1286 contumeliam
1386 1214 1896 1310 injuriamque,
1946 1221 2031 1285 ni
2056 1214 2201 1284 sibi
2230 1215 2328 1284 ab
2365 1223 2480 1303 iis,
2526 1223 2659 1316 qui

515 1326 829 1416 fecerint
845 1377 864 1410 ,
924 1323 1262 1394 dematur
1276 1376 1299 1410 ,
1361 1329 1553 1421 ipsos
1607 1327 1812 1393 omni
1856 1328 1943 1393 vi
1997 1321 2418 1419 depulsuros
2472 1350 2643 1398 esse.

535 1438 781 1525 Quum
805 1458 1144 1505 romanus
1171 1433 1447 1530 legatus
1465 1432 1556 1503 ad
1576 1431 2123 1530 disceptandum
2140 1435 2171 1482 ⁴
2200 1457 2326 1505 eos
2342 1434 2428 1505 ad
2454 1459 2649 1507 com·

534 1568 793 1616 munes
825 1546 1057 1615 socios
1094 1557 1312 1641 atque
1346 1543 1610 1614 amicos
1648 1557 1933 1624 vocaret
1963 1543 1980 1612 ¹:
2017 1571 2051 1608 (ι
2078 1543 2269 1633 Quid
2309 1546 2648 1643 perplexe

535 1682 571 1718 α
606 1653 927 1752 agimus?
967 1649 1287 1750 inquit⁵;
1317 1667 1581 1724 -nostra
1624 1653 2053 1740 certamina,
2105 1654 2452 1738 Romani,
2497 1679 2648 1726 non

533 1792 568 1829 α
601 1762 823 1835 verba
852 1762 1250 1862 legatorum
1268 1817 1288 1849 ‚
1318 1786 1455 1835 nec
1486 1760 1867 1834 hominum
1896 1763 2281 1859 quisquam
2309 1764 2647 1862 discepta—

532 1903 566 1940 α
606 1889 747 1963 tor,
761 1874 887 1947 sed
901 1899 1198 1973 campus
1215 1897 1631 1973 campanus,
1645 1874 1722 1944 in
1740 1898 1890 1971 quo
1909 1873 2493 1945 concurrendum
2512 1890 2641 1963 est,

530 2014 566 2049 «
602 2000 905 2057 etzarma
934 1999 1006 2057 et
1031 1986 1437 2057 communis
1467 1978 1702 2055 Mars⁶
1731 1982 1901 2054 belli
1936 1982 2302 2055 decernet.
2335 1984 2644 2056 Proinde

529 2123 565 2160 α
596 2096 786 2167 inter
813 2100 1131 2194 Capuam
1169 2095 1722 2190 Suessulamque
1759 2108 1986 2166 castra
2027 2096 2272 2166 castris
2313 2094 2641 2167 confera-

528 2234 565 2270 «
601 2229 798 2295 mus3
833 2220 937 2295 et,
967 2208 1242 2280 Samnis
1269 2211 1724 2278 Romanusve
1758 2205 2063 2301 imperio
2097 2205 2368 2275 Italiam
2401 2219 2636 2301 regat,

526 2344 561 2379 α
597 2315 1137 2388 decernamus»
1158 2318 1405 2412 Legati
1427 2320 1924 2388 Romanorum
1942 2338 2167 2413 quum
2187 2339 2291 2399 se,
2314 2340 2462 2385 non
2484 2340 2638 2412 quo

525 2421 755 2493 hostis
787 2438 1144 2510 vocasset,
1202 2423 1329 2494 sed
1370 2449 1521 2521 quo
1565 2426 2038 2523 imperatores
2078 2426 2189 2496 sui
2228 2422 2636 2518 duxissent,

521 2533 753 2603 ituros
788 2557 941 2605 esse
980 2532 1557 2632 respondissent3
1586 2536 1734 2632 jam
1770 2535 2120 2608 Publilius
2143 2591 2164 2625 ,
2199 2536 2390 2606 inter
2422 2535 2637 2606 Palae-

525 2641 751 2740 polim
787 2643 1308 2741 Neapolimque
1342 2644 1507 2717 loco
1542 2661 1958 2744 opportune
1985 2661 2232 2746 capto,
2258 2646 2640 2719 diremerat

521 2750 852 2825 hostibus
892 2756 1301 2827 societatem
1338 2756 1585 2828 auxilii
1626 2758 1859 2828 mutui
1879 2767 1933 2844 ⁷,
1970 2780 2149 2854 qua,
2197 2770 2281 2826 ut
2329 2747 2638 2854 quisque

435 2918 440 2923 .
519 2862 724 2934 locus
755 2879 1245 2962 premeretur,
1276 2866 1466 2937 inter
1491 2890 1567 2938 se
1609 2866 1720 2937 usi
1757 2864 2067 2936 fuerant.
2113 2869 2367 2961 Itaque
2408 2886 2638 2961 quum

522 2987 592 3045 et
633 2976 1088 3046 comitiorum
1132 2975 1285 3047 dies
1320 2978 1615 3050 instaret
1631 3029 1651 3065 ‚
1684 2989 1756 3047 et
1796 2973 2217 3061 Publilium,
2262 2973 2637 3043 imminen-

517 3097 668 3153 tem
697 3082 1012 3156 hostium
1048 3087 1272 3156 muris
1287 3082 1342 3173 ⁸,
1384 3087 1666 3158 avocari
1700 3083 1791 3155 ab
1828 3107 1956 3181 spe
1984 3082 2355 3181 capiendae.
2379 3085 2455 3153 in
2483 3081 2637 3154 dies

516 3273 825 3323 sollicitatum
840 3291 944 3324 esee
955 3276 1019 3324 nd
1033 3278 1311 3328 societatem
1324 3277 1465 3337 belli,
1484 3289 1534 3326 et
1688 3276 1739 3326 6.
1764 3275 2041 3324 Communis
2053 3275 2208 3331 Mars,
2230 3290 2279 3322 v.
2293 3274 2355 3333 V,
2388 3288 2447 3321 η
2465 3309 2480 3333 ,
2507 3290 2558 3321 ιι.
2586 3288 2632 3322 1.

515 3350 840 3422 defectionem
868 3372 895 3403 a
916 3356 1164 3403 Romanis.
1321 3365 1340 3374 ²
1359 3379 1368 3384 -
1691 3372 1737 3416 7.
1787 3355 2062 3404 Πίνακι-αι
2101 3353 2313 3402 hostibus
2356 3353 2635 3402 societatem

585 3433 635 3480 3.
658 3433 863 3481 Minime
884 3435 1116 3498 poenitere
1138 3451 1191 3482 se
1213 3433 1399 3483 virium
1414 3451 1530 3482 sua·
1617 3435 1800 3483 auxilii
1822 3435 2001 3492 mutui,
2040 3434 2320 3492 diremerat,
2359 3448 2445 3480 seu
2469 3433 2635 3493 sejun-

513 3523 644 3569 rum,
670 3512 783 3560 vide
808 3513 872 3560 ad
898 3516 947 3561 11
961 3549 976 3572 ,
1008 3514 1099 3571 54,
1121 3530 1172 3561 n.
1204 3515 1282 3562 16.
1499 3534 1509 3544 ·
1615 3524 1752 3562 xerat
1764 3515 1958 3574 hostes,
1980 3524 2029 3562 et
2047 3514 2114 3562 ita
2132 3511 2376 3562 ademerat
2394 3511 2456 3558 iis
2479 3509 2633 3558 facid-

583 3599 632 3646 4.
666 3590 755 3638 Ad
783 3591 1171 3655 disceptandum,
1220 3603 1275 3639 ut
1313 3607 1431 3639 mox
1452 3592 1528 3640 di·
1615 3604 1762 3642 tatem
1787 3594 1956 3642 auxilii
1983 3592 2077 3641 sihi
2109 3591 2319 3639 invicem
2340 3589 2634 3657 prestandi3

511 3680 781 3732 sceptaeor‚
812 3670 925 3717 vide
943 3670 1008 3717 ad
1027 3673 1076 3728 1,
1104 3670 1169 3719 50
1185 3705 1200 3729 ,
1222 3687 1273 3718 n.
1292 3671 1340 3718 5.
1356 3698 1426 3708 —
1443 3671 1532 3718 Aa
1613 3673 1694 3720 vel
1719 3673 1907 3721 irritam
1928 3673 2103 3721 fecerat
2129 3671 2424 3719 societatem.
2449 3669 2634 3718 Confer

510 3761 782 3797 communes
804 3749 985 3806 socios,
1020 3750 1152 3815 apud
1176 3766 1277 3799 eos.
1389 3783 1394 3790 a
1614 3764 1718 3800 not.
1748 3753 1827 3800 13.
1849 3755 1977 3800 Pars
1988 3749 2131 3815 parci
2154 3750 2367 3800 abscissa
2381 3748 2444 3797 de
2462 3747 2633 3796 eadem

581 3826 628 3874 5.
650 3827 784 3889 Quid
783 3828 1017 3891 perplexe
1030 3829 1248 3893 agimus,
1262 3828 1421 3893 inquit
1434 3827 1525 3877 sei-
1612 3847 1665 3880 re
1684 3830 1864 3879 dicitur
1877 3847 1990 3896 (κιρ.
2007 3830 2074 3878 25
2086 3864 2100 3888 ,
2117 3845 2170 3879 n.
2195 3831 2241 3877 3.
2253 3854 2309 3867 -
2338 3829 2424 3885 tte,
2450 3838 2605 3893 prout
2616 3862 2633 3887 ,

508 3899 623 3949 lieet
633 3903 818 3967 legatus
831 3907 1042 3964 Samni„
1061 3907 1154 3954 nisi
1168 3907 1328 3972 inquit
1337 3908 1524 3957 dietum
1611 3909 1813 3973 quisque
1831 3910 1962 3958 loeus
1975 3945 1992 3967 ‚
2020 3909 2098 3956 vel
2122 3906 2379 3972 Pelaepolie
2403 3905 2483 3954 vel
2501 3905 2633 3955 Nea-

508 3991 602 4038 pro
616 3979 839 4042 inquiunt
856 3984 1043 4032 scilieet
1061 3986 1447 4046 Samnitee3vide
1459 3986 1524 4034 ad
1609 3988 1740 4051 polis
1754 4021 1770 4044 ‚
1787 3998 2088 4052 premeretur
2112 3985 2387 4035 obsidione.

508 4052 707 4113 lihNI,
734 4073 840 4121 cap.
862 4069 953 4120 4ο,
979 4078 1030 4111 n.
1057 4064 1104 4110 3.
1683 4068 1732 4114 8.
1751 4067 2085 4120 imminentem
2108 4064 2316 4115 bostium
2334 4061 2510 4120 muris,
2540 4078 2635 4126 ap·-
