3000 4717
2304 354 2341 391 A
2358 335 2363 348 ’
2379 351 2427 392 C.
2458 355 2548 395 322.

482 373 619 458 504
961 399 974 412 ·
1322 374 1400 441 T.
1466 374 1741 448 LIVII
2311 412 2363 453 u.
2386 415 2433 454 c.
2456 418 2546 463 430,

479 523 573 567 ex
592 494 800 589 justa
822 518 1052 591 poena
1084 501 1563 574 remissurum.
1602 494 1955 587 Majestas
1984 488 2311 591 imperii⁶
2330 521 2613 593 perpe-·

459 621 605 678 'tua
642 631 734 675 ne
770 622 981 690 esset,
1028 631 1172 677 non
1213 630 1364 677 esse
1402 612 1477 677 in
1520 630 1655 677 sua
1674 620 2059 701 potestate.
2100 610 2181 678 L.
2221 609 2603 701 Papirium

475 713 668 785 nihil
694 714 787 785 de
826 716 978 807 ejus
997 716 1173 809 jure
1211 715 1772 787 deminuturum.
1822 722 2120 812 Optare,
2155 740 2249 784 ne
2277 731 2600 811 potestas

474 826 872 912 tribunitia,
900 827 1242 916 inviolata
1261 838 1285 882 7
1309 834 1465 925 ipsa
1479 882 1498 914 ‚
1536 826 1763 898 violet
1789 831 2284 898 intercessione
2308 851 2444 897 sua
2459 851 2596 896 -ro-

474 962 774 1010 manum
809 940 1181 1034 imperium
1202 993 1222 1024 ‚
1266 963 1408 1008 neu
1429 938 1758 1035 populus
1789 943 1864 1006 in
1889 961 1966 1007 se
1983 942 2443 1032 potissimum
2476 936 2598 1005 di-

476 1063 823 1120 otatorem
850 1049 1057 1142 etjus
1084 1047 1463 1121 dictaturoe
1484 1054 1916 1146 exstinguat.
1956 1048 2179 1140 Quod
2192 1053 2261 1117 si
2262 1048 2586 1139 fecisset,

469 1182 618 1229 non
667 1163 742 1229 L.
792 1163 1201 1255 Papirium,
1249 1160 1383 1231 sed
1425 1159 1777 1244 tribunos,
1812 1158 1947 1232 sed
1977 1182 2288 1256 pravum
2331 1156 2594 1255 populi

456 1269 812 1364 judicium
832 1323 854 1356 ,
899 1259 1396 1369 nequidquam
1420 1287 1748 1368 posteros
1778 1287 2238 1342 accusaturos
2259 1295 2281 1337 .·
2318 1292 2542 1365 quum
2557 1321 2582 1353 ,

450 1379 745 1477 polluta
779 1379 1005 1452 semel
1032 1380 1325 1452 militari
1347 1380 1731 1479 disciplina
1745 1437 1766 1470 ,
1808 1405 1961 1452 nonw
1997 1378 2201 1454 miles
2236 1384 2581 1451 centurio-

469 1498 618 1577 nis,
669 1516 815 1562 non
863 1497 1179 1562 centurio
1220 1492 1523 1575 tribuni,

1571 1516 1718 1562 non
1768 1490 2090 1561 tribunus
2141 1488 2389 1585 legati,
2430 1509 2581 1555 non

467 1598 742 1695 legatus
770 1600 1084 1676 consulis
1097 1656 1117 1687 ,
1162 1626 1312 1673 non
1339 1608 1680 1700 magister
1704 1607 2027 1699 equitum
2053 1600 2414 1671 dictatoris
2432 1621 2578 1694 pa-

463 1727 621 1781 reat
643 1715 980 1807 imperim
1014 1737 1228 1788 nemo
1254 1713 1660 1800 hominum,
1688 1736 1897 1783 nemo
1920 1710 2222 1782 deorum
2246 1732 2581 1780 verecun-

463 1819 668 1896 diam
693 1822 992 1910 habeat,-
1027 1847 1175 1894 non
1210 1822 1450 1896 edicta
1485 1829 2044 1921 imperatorum,
2078 1846 2228 1891 non
2248 1823 2581 1916 auspicia

462 1928 922 2003 observentur
934 1961 961 2020 ,··
1002 1940 1161 2012 sine
1192 1950 1596 2005 commeatu
1617 1931 1645 1977 ⁸
1680 1938 1860 2030 vagi
1883 1935 2136 2003 milites
2170 1938 2244 2004 in
2269 1943 2548 2027 pacato
2562 1980 2589 2014 ,

465 2043 539 2107 in
562 2038 829 2110 hostico
857 2058 1127 2126 errent‚·
1157 2033 1603 2122 immemores
1623 2046 2086 2121 sacramenti,
2113 2039 2401 2112 licentia
2424 2037 2591 2110 sola

459 2174 537 2219 se
554 2203 575 2235 ,
625 2150 750 2220 ubi
783 2152 1043 2238 velint,
1102 2170 1606 2235 exauctorent,·
1653 2153 2125 2248 infrequentia
2172 2149 2595 2221 deserantur

458 2268 707 2357 signa,-
752 2288 983 2360 neque
1023 2288 1155 2334 con
1164 2269 1496 2338 veniatur-
1523 2260 1627 2332 ad
1669 2263 2019 2346 edictum,·
2054 2285 2182 2334 nec
2216 2259 2581 2330 discerna-
2668 2261 2671 2264 ’

464 2385 609 2456 tur,
666 2373 1013 2456 interdiu,
1054 2389 1292 2458 nocte,
1343 2396 1597 2467 ecqua,
1641 2377 1895 2467 iniquo
1942 2371 2137 2452 loc0,
2169 2371 2428 2462 jussu,
2478 2375 2584 2437 in-

443 2481 668 2578 jussu
691 2485 1137 2575 imperatoris
1158 2500 1522 2577 pugnent,·
1558 2496 1628 2551 et
1656 2505 1802 2551 non
1830 2486 2070 2576 signa,
2109 2504 2255 2550 non
2293 2478 2585 2554 ordines

530 2649 579 2695 6.
604 2614 842 2713 Majesias
871 2648 1060 2714 imperii
1093 2649 1338 2697 dictatorii
1366 2665 1477 2714 per-

448 2738 605 2790 petua
628 2744 689 2774 ne
714 2740 860 2784 esset,
889 2744 989 2776 non
1011 2743 1111 2776 esse
1139 2728 1191 2776 in
1221 2745 1313 2776 sua
1335 2740 1478 2792 pote-

457 2817 610 2882 state,
640 2824 668 2855 a
695 2824 746 2855 ee
769 2807 897 2855 effici
919 2824 1020 2855 non
1047 2823 1225 2877 posse:
1252 2807 1349 2856 sibi
1373 2824 1478 2858 non

456 2885 632 2943 licere,
665 2888 962 2950 maJ‘estatem
1001 2886 1129 2934 hanc
1164 2887 1448 2934 imminuere
1464 2921 1480 2945 ,

456 2964 535 3011 vel
550 2964 672 3013 adeo
685 2965 1003 3014 tollere.—L.
1014 2964 1267 3030 Papirium
1280 2981 1373 3030 pro
1384 2980 1397 3014 :
1408 2982 1477 3013 se.

528 3058 554 3104 7
563 3079 575 3091 .
586 3045 807 3090 Potestas
822 3043 1074 3090 tribunitia
1094 3035 1328 3092 inviolata
1339 3078 1354 3102 ,
1363 3044 1479 3091 vide
1493 3059 1498 3064 ·

456 3121 518 3168 ad
545 3124 623 3179 11,
653 3138 699 3179 1,
720 3138 771 3169 ιι.
802 3130 849 3176 4.
877 3122 1003 3169 Mox
1030 3121 1079 3167 in
1104 3137 1155 3169 se
1170 3109 1476 3185 potissimum

456 3199 695 3247 dictatore
707 3199 794 3264 jus
814 3198 863 3246 d.
887 3215 928 3247 e.
952 3200 1082 3259 coni.
1111 3199 1293 3247 Duker.
1323 3200 1472 3248 Drak.

455 3290 504 3328 et
527 3278 711 3327 Stroth.
740 3281 852 3342 quia
871 3277 1175 3343 exstinguere
1187 3278 1475 3326 dictatorem

452 3359 539 3405 vix
563 3358 712 3405 latine
743 3358 842 3405 dici
866 3357 1046 3422 possit,
1090 3373 1248 3421 neque
1280 3358 1349 3405 ita
1379 3357 1474 3405 dif-

451 3438 574 3485 ferat
599 3435 661 3483 ab
686 3451 746 3484 eo
772 3435 1075 3500 exstinguere
1079 3435 1166 3500 jus
1185 3436 1444 3483 dictatura·
1450 3471 1468 3493 ,

449 3515 588 3580 quod
606 3514 825 3562 additum
848 3515 927 3562 sit.
942 3514 1105 3561 Verba
1132 3514 1182 3560 in
1213 3530 1263 3562 se
1277 3513 1473 3578 potissi-

451 3612 580 3645 mum
593 3610 696 3642 nou
711 3592 961 3641 referenda
973 3593 1035 3640 ad
1054 3592 1343 3641 dictatorem
1353 3627 1368 3652 ,
1385 3593 1472 3640 sed

451 3673 515 3720 ad
528 3674 766 3744 populum
789 3672 1015 3736 dictaque
1042 3687 1135 3736 pro
1154 3686 1168 3720 ε
1199 3682 1370 3720 contra
1395 3688 1474 3732 sc,

449 3752 502 3798 in
527 3753 700 3819 populi
730 3752 991 3810 damnum3
1014 3752 1162 3798 Doer.

523 3829 570 3879 8.
592 3831 703 3878 Sine
730 3841 999 3877 commeatu
1013 3849 1035 3888 ,-
1070 3830 1181 3877 vide
1205 3830 1267 3878 ad
1293 3834 1343 3889 Ι,
1383 3831 1467 3890 57,

451 3924 502 3954 n.
532 3923 581 3955 2.
608 3936 678 3945 ——
703 3912 765 3956 In
782 3920 995 3973 pacato,
1029 3909 1079 3955 in
1111 3908 1323 3967 hostico,
1355 3910 1468 3957 vide

451 3986 513 4034 ad
532 4001 640 4052 cap.
666 4003 751 4046 12,
769 4005 818 4034 n.
836 4004 856 4033 1
871 4004 914 4034 1.
937 4013 1006 4024 -—-
1031 3988 1373 4035 Exauctorent
1387 4003 1462 4045 se,

448 4065 547 4129 ipsi
573 4064 690 4110 dent
714 4065 809 4111 sibi
827 4067 1124 4114 missionem.
1148 4066 1274 4115 Nam
1299 4078 1467 4114 aucto·

449 4143 720 4184 ramentum
736 4134 990 4182 dicebatur
1001 4138 1212 4201 pretium
1224 4172 1239 4196 ‚
1255 4149 1339 4185 aut
1351 4153 1470 4184 mer·

1567 2666 1647 2698 ces
1690 2649 1959 2707 auctorati,
2008 2650 2104 2697 hoc
2150 2660 2246 2708 est,
2291 2648 2418 2709 eius,
2449 2648 2580 2711 ,(Ῑῑιί,

1568 2742 1744 2777 auctor
1758 2730 1865 2795 ipse
1889 2725 2130 2776 libertatis
2153 2727 2430 2775 amittendae
2448 2761 2463 2786 ,
2498 2741 2586 2774 suu

1568 2820 1746 2874 sponte
1765 2825 1817 2856 ee
1844 2808 1989 2855 alicui
2010 2807 2061 2854 in
2089 2806 2372 2855 servitutem
2391 2804 2583 2853 addice·

1566 2899 1667 2945 ret,
1698 2888 1827 2950 inpr.
1859 2885 2209 2950 gladiatorum,
2231 2886 2317 2949 qui
2340 2899 2432 2949 pro
2454 2899 2578 2930 mer-

1567 2967 1713 3025 cede,
1733 2966 2001 3030 pecuniave
2022 2975 2164 3027 pacta
2194 2981 2247 3011 se
2272 2964 2368 3029 ipsi
2394 2963 2448 3008 in
2472 2977 2578 3009 are·

1566 3061 1697 3103 nam,
1709 3045 1789 3090 vel
1800 3043 1863 3090 ad
1874 3041 2087 3105 gladIum
2101 3042 2393 3100 venderent,
2403 3040 2582 3088 deinde

1566 3124 1793 3179 aliorum,
1821 3120 2043 3167 mercede
2064 3120 2126 3167 ad
2148 3120 2314 3169 officia
2335 3119 2575 3184 quaedam,
2594 3151 2603 3164 .

1563 3202 1871 3264 militumque
1885 3234 1900 3259 ‚
1917 3199 2167 3264 stipendio
2185 3200 2248 3246 ad
2263 3199 2486 3247 militiam
2500 3198 2583 3246 ad·

1563 3280 1844 3328 strictomm
1856 3278 2009 3338 3unde
2017 3288 2299 3325 auctoratus
2305 3275 2582 3339 xxxvn,

1568 3374 1656 3417 ιο,
1682 3369 1755 3406 est
1772 3369 1964 3422 emptus
1987 3357 2066 3404 vel
2092 3356 2343 3416 venditus,
2364 3356 2461 3403 hoc
2480 3366 2580 3414 eet,

1563 3423 1868 3494 obstrictus,
1909 3447 1958 3483 et
2013 3446 2182 3483 contra
2233 3446 2582 3482 exauctoratus

1561 3516 1699 3564 miles
1725 3515 1953 3563 dimissus
1969 3514 2139 3573 XXV,
2165 3526 2259 3572 203
2279 3514 2459 3560 XXIX
2473 3545 2488 3570 ,
2518 3528 2541 3558 1
2562 3529 2578 3573 3

1561 3595 1791 3651 XXXII,
1817 3608 1873 3652 13
1895 3593 2149 3651 XXXVI,
2174 3598 2240 3647 4ο
2263 3593 2580 3652 extr.;XL1,

1565 3674 1613 3722 5.
1635 3673 1717 3720 Ab
1735 3674 1962 3742 Augusto
1987 3672 2181 3718 invecta
2202 3669 2542 3717 exauctoratio
2558 3705 2576 3726 ‚

1560 3751 1750 3799 diversa
1785 3768 1813 3799 a
1850 3749 2075 3798 missione
2111 3748 2340 3807 militum3
2391 3748 2451 3796 de
2485 3764 2582 3812 qua

1560 3829 1674 3878 vide
1694 3833 1810 3878 Tac.
1840 3832 1971 3878 Anu.
1998 3831 2051 3886 1,
2077 3843 2157 3887 17,
2185 3842 2237 3875 n.
2264 3843 2308 3875 1.
2329 3854 2401 3866 —
2421 3825 2581 3892 Inste-

1557 3908 1755 3974 quentia
1767 3909 1932 3974 signa,
1959 3924 2005 3961 v.
2019 3909 2141 3966 vn,
2164 3907 2218 3965 8,
2239 3922 2290 3953 n.
2310 3907 2582 3961 4.—-Dese-

1555 3999 1692 4034 rant.
1707 4022 1719 4034 .
1734 4021 1745 4034 .
1771 3986 2080 4035 conveniant.
2096 4020 2109 4032 .
2124 4020 2137 4034 .
2164 3985 2444 4036 discernant
2470 4000 2583 4048 per-

1556 4083 1720 4129 peram
1729 4065 1885 4114 edidit
1897 4064 2066 4124 Curio,
2084 4063 2319 4111 varietate
2330 4063 2415 4111 ina
2428 4062 2578 4128 offen-

1556 4161 1661 4202 sus,
1683 4161 1826 4207 quam
1845 4143 2028 4206 ubique
2048 4143 2261 4207 captavit
2279 4142 2461 4190 Livius.
2481 4142 2572 4189 En.
