3000 4717
443 364 822 491 33333313323
872 387 1058 454 LIB.
1113 383 1242 472 IV„
1294 387 1507 457 CAP.
1559 388 1806 455 XLII.
1858 390 2144 459 XLIII.
2424 392 2518 465 83

394 508 740 585 iudicium
774 506 1033 605 populi
1078 506 1325 580 tollere
1369 523 1505 577 aut
1541 507 1733 579 velle
1751 563 1773 595 ,
1819 526 1952 580 aut
1985 535 2244 607 posse3
2292 514 2424 583 sed
2455 523 2524 587 si

381 643 631 716 preces
657 642 813 690 suae
823 642 970 715 pro
997 624 1456 723 tmperatore,
1483 626 1615 715 qui
1634 620 1774 690 sibc‘
1786 627 2108 716 parentis
2128 630 2303 692 esset
2321 621 2481 695 loco
2492 679 2512 712 ‚

390 755 538 802 non
582 729 1015 814 valuissent,
1055 754 1132 799 se
1151 724 1183 772 5
1219 746 1484 801 vestem
1531 754 1694 800 cum
1738 754 1824 799 eo
1868 745 2266 801 mutaturos
2293 758 2315 801 .-
2347 729 2520 805 'tum
2617 783 2655 809 A·

390 842 849 928 HortensiUS,
881 844 1053 913 Non
1086 838 1392 927 videbit,
1423 841 1696 938 inquit,
1714 838 1921 937 plebs
1948 864 2257 909 romana
2288 840 2518 913 sordi·

390 951 600 1023 datos
650 951 971 1022 tribunos
1012 976 1181 1022 suos
1217 979 1238 1021 .·
1296 954 1372 1024 C.
1410 954 1923 1050 Sempronium
1942 948 1975 994 ⁶
2016 950 2207 1023 nihil
2248 978 2513 1039 moror,

392 1060 687 1159 quando
723 1060 862 1132 hoe
902 1074 1012 1132 est
1043 1067 1118 1132 in
1160 1066 1460 1159 imperio
1503 1080 1919 1156 consecutas
1934 1116 1953 1146 ‚
1991 1078 2071 1133 ut
2111 1077 2263 1133 tam
2310 1087 2525 1135 carus

284 1245 291 1252 ,
391 1186 570 1241 esset
596 1167 956 1241 militibus.
997 1174 1145 1243 Nec
1175 1172 1400 1267 pietas
1432 1187 1748 1269 quatuor
1777 1172 2273 1263 tribunorum,
2304 1198 2523 1270 quam

391 1282 756 1352 Hortensii
784 1294 930 1351 tam
959 1281 1308 1377 placabile
1336 1282 1425 1384 ad
1443 1284 1671 1377 justas
1699 1306 1950 1379 preces
1975 1283 2346 1379 ingenium
2364 1338 2381 1368 ‚
2407 1308 2524 1381 pa-

389 1388 566 1460 riter
584 1388 782 1486 plebi
799 1389 1277 1489 Patribusque
1291 1393 1561 1488 gratior
1580 1390 1737 1461 fuit.
1759 1395 1927 1482 Non
1946 1389 2216 1461 diutius
2235 1390 2526 1464 fortuna

393 1500 637 1596 AEquis
682 1499 979 1570 indulsit
1002 1555 1022 1590 ,
1067 1502 1193 1597 qui
1235 1499 1646 1597 ambiguam
1685 1502 2053 1572 victoriam
2092 1501 2524 1574 Volscorum

284 1661 289 1668 .
391 1632 524 1706 pro
566 1634 693 1680 sua
734 1602 1047 1707 amplexi
1081 1609 1386 1682 fuerant.
1531 1661 1540 1670 .

488 1723 738 1790 XLIII.
782 1721 1119 1790 Proximo
1151 1744 1382 1809 anne,
1407 1725 1491 1793 N.
1524 1720 1741 1793 Fabio
1755 1721 2157 1812 Vibulano,
2180 1728 2258 1793 T.
2291 1724 2528 1815 Quin-

390 1828 531 1915 tio,
563 1827 951 1925 Capitolini
977 1826 1159 1916 filio,
1192 1830 1633 1926 Capitolino¹
1663 1829 2114 1920 consulibuS,
2142 1830 2368 1903 ductu
2401 1837 2526 1903 Fa-

391 1936 524 2027 bii,
551 1940 712 2010 cui²
733 1953 929 2011 sorte
956 1964 1039 2011 ea
1064 1942 1430 2037 provincia
1454 1957 1824 2028 evenerat,
1850 1940 2030 2011 nihil
2058 1940 2359 2038 dignum
2387 1966 2530 2015 me-

390 2066 677 2121 moratu
724 2065 985 2122 actum.
1033 2056 1279 2144 Quum
1322 2052 1679 2150 trepidam
1721 2066 2007 2122 tantum
2047 2051 2529 2125 ostendissent

389 2163 616 2234 aciem
645 2165 854 2261 AEqui
872 2219 890 2249 ‚
919 2164 1115 2262 turpi
1145 2161 1314 2261 fuga
1344 2161 1789 2251 funduntur,
1822 2161 2016 2233 haud
2043 2185 2314 2259 magno
2348 2186 2530 2233 con-

390 2271 562 2344 sulis
599 2271 859 2358 decore
892 2301 908 2343 ε
947 2276 1192 2372 itaque
1231 2274 1643 2372 triumphus
1678 2287 2023 2370 negatur:
2059 2286 2393 2344 caeterum
2428 2270 2528 2345 ob

393 2385 928 2482 Sempronianae
951 2384 1172 2457 cladis
1190 2384 1493 2456 levatam
1514 2384 1983 2482 ignominiam
2000 2437 2019 2472 ,
2044 2397 2126 2453 ut
2146 2407 2368 2455 ovans
2386 2387 2529 2454 Ur-

393 2488 566 2562 bem
601 2493 931 2583 intraret,
960 2519 1383 2572 concessum
1414 2509 1545 2567 est.
1587 2492 2223 2585 Quemadmodum
2252 2493 2530 2565 bellum

394 2603 711 2687 minore,
733 2629 950 2699 quam
972 2608 1395 2698 timuerant,
1420 2606 1878 2678 dimicatione
1908 2619 2060 2677 erat
2087 2604 2527 2702 perfectum,

397 2712 499 2783 sic
536 2712 611 2781 in
646 2709 845 2782 Urbe
883 2710 1018 2782 ex3
1048 2714 1442 2810 tranquillo
1480 2740 1617 2786 nec
1654 2718 1947 2813 opinata
1983 2715 2212 2785 moles
2257 2716 2532 2786 discor-

397 2820 678 2891 diarum
715 2820 906 2892 inter
949 2820 1239 2918 plebem
1283 2848 1365 2893 ac
1406 2828 1652 2894 Patres
1693 2836 1942 2894 exorta
1974 2837 2125 2906 est,
2163 2838 2397 2920 coepta
2439 2821 2560 2893 ab.

395 2930 839 3030 duplicando
858 2946 1301 3030 quaestorum
1319 2956 1647 3002 numero,
1674 2936 1907 3024 Quam
1928 2956 2077 3001 rem
2096 2986 2115 3019 ,
2136 2946 2218 3002 ut
2231 2987 2250 3018 ‚
2273 2946 2535 3029 praeter

397 3042 582 3113 duos
615 3043 935 3115 urbanos
971 3057 1399 3140 quaestores‚
1438 3042 1588 3113 duo
1626 3040 2045 3115 consulibus
2079 3040 2170 3113 ad
2208 3042 2530 3113 ministe-

398 3151 503 3222 ria
531 3152 704 3225 belli
733 3168 995 3251 praesto
1024 3169 1294 3243 essent,
1324 3179 1364 3225 a
1394 3153 1809 3226 consulibus
1835 3155 2167 3239 relatam,
2199 3177 2426 3250 quum
2460 3165 2535 3223 et

401 3265 640 3334 Patres
680 3288 957 3337 summa
997 3266 1136 3364 ope
1184 3264 1742 3364 approbassent,
1786 3264 2208 3337 consulibus
2255 3263 2533 3335 tribuni

401 3370 635 3470 plebis
669 3388 1031 3446 certamen
1068 3376 1508 3467 intulerunt,
1541 3389 1625 3454 ut
1662 3400 1823 3474 pars
1858 3389 2333 3473 quaestorum,
2362 3396 2531 3444 nam

402 3607 547 3657 quam
565 3592 723 3641 donec
736 3590 791 3638 id
810 3589 922 3650 θεῖς
946 3590 1060 3639 vide
1077 3592 1142 3639 ad
1153 3594 1269 3640 Tac.
1291 3592 1422 3639 Anu.
1511 3589 1643 3637 haud
1668 3589 1848 3646 dubie,
1869 3603 1978 3651 quae
2006 3587 2145 3634 abest
2168 3601 2197 3632 a
2214 3581 2381 3631 multis
2405 3581 2529 3629 Mss

404 3673 497 3732 IV,
518 3689 618 3731 21,
637 3688 687 3718 n.
712 3670 743 3717 5
769 3668 948 3733 (nostr.
972 3670 1048 3716 ed.
1066 3673 1124 3719 T.
1144 3674 1259 3734 1‚p.
1281 3668 1422 3734 426).
1512 3679 1563 3716 et
1592 3667 1704 3716 edd.
1729 3678 1851 3715 antt.

478 3752 526 3799 5.
562 3754 623 3798 Se
665 3760 848 3798 ‘instem
888 3763 998 3794 cum
1035 3763 1091 3795 eo
1121 3760 1232 3795 mut
1236 3761 1425 3806 atur-os,-
1584 3762 1631 3793 α.
1663 3746 1753 3793 Cui
1774 3754 1902 3791 sor-te
1930 3757 1992 3788 ea
2004 3718 2261 3803 proeincia
2285 3748 2528 3796 uenerat,

400 3829 539 3877 unde
570 3845 689 3904 mox
713 3827 992 3876 sordidatos
1018 3826 1263 3906 tribunos,
1312 3826 1425 3874 vide
1511 3824 1625 3874 vide
1652 3824 1715 3870 ad
1735 3823 1786 3870 11
1805 3856 1821 3881 ,
1850 3828 1941 3877 40,
1965 3836 2015 3866 n.
2041 3819 2089 3866 8.

406 3910 474 3960 nd
498 3912 575 3968 11,
604 3910 697 3967 54,
715 3924 765 3955 n.
788 3907 837 3954 5.
1588 3905 1632 3950 3.
1657 3903 1742 3947 Ex
1768 3891 2033 3961 tranquillo
2047 3931 2064 3954 ‚
2087 3894 2202 3943 vide
2227 3894 2289 3942 ad
2310 3897 2412 3954 111,
2438 3903 2531 3957 40,

479 3990 529 4037 δ’.
560 3988 610 4036 C.
628 3984 959 4051 Sempronium
975 3984 1101 4033 nihil
1110 3999 1290 4041 moror,
1311 3983 1426 4032 vide
1513 3998 1563 4030 n.
1591 3995 1640 4042 9.
1672 3981 1747 4027 De
1771 3978 2069 4040 Quaestorum
2095 3990 2293 4023 nutrcem
2330 3975 2444 4024 vide
2468 3974 2532 4023 ad

409 4067 767 4127 ad11‚24,n.
796 4066 845 4113 5.
1017 4059 1023 4066 '
1514 4056 2032 4120 11,8,n.1o;et11,
2061 4063 2152 4113 41,
2184 4069 2438 4104 n.12.-·-
2469 4056 2536 4100 Ut

481 4147 603 4198 Cu.
643 4148 828 4197 XLIII.
872 4160 916 4194 1.
955 4143 1227 4211 Capitolino
1267 4142 1429 4209 glossa
1507 4156 1628 4205 pars
1639 4149 1929 4205 quaestorum
1948 4134 2147 4185 dimidia
2157 4132 2304 4200 (bini)
2316 4132 2532 4197 cat-plebe

547 4249 575 4270 .
1535 4233 1544 4243 ·
2087 4224 2310 4296 01
