3000 4717
463 379 584 480 313:
608 380 700 487 {223
898 398 1199 467 LIBER
1248 399 1333 466 v.
1361 398 1602 466 cst.
1656 399 2017 467 xxxvl.
2399 398 2533 496 193

411 519 638 610 tibus,
675 534 748 592 et
769 574 788 608 ,
818 518 1002 617 quid
1030 526 1104 591 in
1138 522 1433 588 Etruria
1458 525 1564 588 rei
1598 516 1828 589 Gallis
1862 522 2088 590 esset?
2116 545 2345 617 quum
2384 523 2488 592 illi
2511 578 2531 611 ,

408 637 580 702 sein
611 635 830 702 armis
839 630 1219 726 jusfhrre,
1251 640 1323 699 et
1340 682 1359 716 ,
1390 633 1638 697 omnia
1646 627 1964 716 fortium
1989 633 2310 714 virorum
2343 655 2526 715 esse,

409 738 744 813 ferociter
784 741 1107 811 dicerent
1133 793 1151 827 ,
1178 738 1492 809 accensis
1520 738 1886 834 utrimque
1924 728 2180 806 animi‘s
2219 738 2309 808 ad
2336 763 2533 810 arma

410 850 855 940 discurritur,
877 865 949 921 et
962 849 1285 948 praelium
1304 849 1732 920 conseritur.
1759 847 1872 917 Ibi
1889 903 1908 937 ,
1930 849 2080 943 jam
2105 849 2535 948 urgentibus

406 986 780 1033 romanam
803 959 1060 1033 urbem
1088 959 1285 1048 fatis,
1309 959 1521 1058 legati
1552 973 1803 1030 contra
1826 959 1943 1054 jus
1980 960 2306 1057 gentium
2341 984 2538 1031 arma

409 1074 750 1170 capiunt:
790 1095 927 1143 nec
964 1071 1039 1141 id
1085 1072 1269 1143 clam
1317 1094 1469 1142 esse
1518 1071 1800 1167 potuit,
1843 1082 2073 1167 quum
2118 1085 2286 1142 ante
2334 1073 2538 1169 signa

406 1186 871 1255 Etruscorum
900 1198 1045 1255 tres
1071 1181 1498 1253 nobilissimi
1531 1176 2048 1277 fortissimique
2074 1206 2391 1252 romanae
2412 1183 2526 1277 ju—

406 1295 722 1365 ventutis
752 1308 1204 1392 pugnarent.
1238 1307 1524 1363 tantum
1552 1290 1919 1362 eminebat
1939 1302 1960 1331 1
1992 1294 2369 1388 peregrina
2400 1294 2537 1363 vir-

406 1402 560 1474 tus!
591 1405 787 1495 Quin
817 1406 1034 1476 etiam
1058 1407 1148 1495 Q.
1182 1402 1478 1489 Fabius,
1515 1412 1808 1472 evectus
1831 1413 2031 1469 extra
2056 1401 2278 1472 aciem
2307 1427 2533 1498 equ0,

406 1511 669 1587 ducem
705 1513 1116 1602 Gallorum,
1149 1511 1485 1584 ferociter
1517 1512 1595 1579 in
1634 1511 1789 1607 ipsa
1831 1511 2031 1606 signa
2064 1516 2535 1583 Etruscorum
2612 1556 2617 1562 ·

404 1622 893 1696 incursantem
917 1679 936 1712 ,
965 1648 1098 1721 per
1120 1621 1304 1693 latus
1320 1618 1749 1692 transfixum
1767 1621 1969 1691 hasta
1989 1676 2008 1710 ,
2039 1621 2339 1707 occidit3⁴
2362 1644 2533 1719 spo-

405 1730 647 1829 liaque
665 1774 672 1781 ·
692 1735 847 1829 ejus
891 1734 1251 1830 legentem
1310 1732 1521 1803 Galli·
1547 1756 1902 1831 agnovere
1925 1787 1944 1820 ,
1993 1756 2270 1828 perque
2305 1746 2535 1808 totam

405 1842 667 1932 aciem,
704 1866 1089 1914 romanum
1142 1842 1457 1939 legatum
1489 1866 1655 1914 esse
1683 1897 1702 1930 ,
1751 1843 2039 1938 signum
2094 1840 2343 1914 datum
2400 1859 2531 1916 est.

405 1953 684 2024 Omissa
705 1952 875 2025 inde
893 1954 970 2024 in
994 1953 1328 2024 Clusinos
1347 1953 1451 2023 ira
1465 2008 1484 2042 ,
1506 1954 1832 2050 receptui
1845 1966 2116 2024 canunt
2133 2007 2152 2041 ,
2172 1954 2535 2029 minantes

406 2065 781 2135 Romanis:
809 2077 1047 2152 erant,
1088 2065 1217 2160 qui
1256 2062 1624 2160 extemplo
1657 2068 1956 2133 Romam
1997 2061 2322 2133 eundum
2361 2086 2536 2132 cen-

403 2188 686 2263 serent3
726 2175 959 2246 vicere
1023 2175 1341 2246 seniores
1366 2229 1386 2263 ,
1437 2188 1522 2244 ut
1565 2173 1779 2270 legati
1827 2174 2028 2270 prius
2067 2172 2533 2244 mitterentur

404 2299 741 2379 questum
773 2285 1097 2380 injuriaS,
1116 2283 1744 2381 postulatumque,
1770 2295 1857 2351 :ut
1878 2299 2012 2379 pro
2025 2281 2189 2376 jure
2205 2283 2535 2378 gentium

405 2390 668 2463 violato
697 2393 895 2464 Fabii
934 2393 1398 2487 dederentur.
1433 2394 1684 2488 Legati
1725 2391 2101 2463 Gallorum
2125 2416 2366 2488 quum
2405 2417 2490 2463 ea
2514 2449 2534 2482 ,

403 2499 589 2569 sicut
603 2496 814 2573 'erant
836 2503 1175 2573 mandata
1195 2558 1214 2591 ,
1240 2504 1740 2600 exposuissent
1754 2557 1773 2590 ,
1803 2503 2084 2574 senatui
2109 2526 2244 2572 nec
2267 2500 2539 2575 factum

405 2606 734 2704 placebat
761 2608 1145 2680 Fabiorum
1168 2665 1187 2698 ,
1224 2627 1296 2681 et
1328 2611 1448 2703 jus
1479 2608 1847 2707 postulare
1872 2610 2161 2681 barbari
2190 2611 2536 2682 videban-

406 2733 527 2791 tur
565 2748 580 2789 :
623 2718 787 2807 sed,
819 2718 1050 2807 aeid,
1089 2719 1292 2815 quod
1333 2719 1699 2815 placebat,
1742 2718 2164 2790 decerneret
2200 2721 2277 2789 in
2321 2735 2536 2796 tantae

403 2829 799 2902 nobilitatis
836 2830 1005 2899 viris
1021 2840 1075 2917 ²,
1106 2827 1405 2900 ambitio
1445 2827 1802 2900 obstabat.
1853 2834 2108 2925 Itaque
2131 2883 2150 2916 ,
2187 2854 2281 2899 ne
2312 2855 2536 2926 penes

403 2942 597 3036 ipsos
643 2942 855 3039 culpa
894 2955 1078 3017 esset
1100 2934 1341 3017 ‘cladis
1383 2937 1585 3013 forte„
1612 2939 1866 3035 gallico
1911 2938 2108 3009 bello
2130 2935 2158 2981 3
2196 2955 2532 3036 acceptae,

403 3054 895 3149 cognitionem
930 3052 1036 3123 de·
1060 3051 1460 3150 postulatis
1482 3049 1860 3122 Gallorum
1898 3048 1988 3120 ad
2029 3050 2382 3150 populum
2417 3075 2536 3122 re·-

475 3268 597 3316 Cn.
618 3271 863 3321 XXXVI.
890 3287 934 3319 1.
960 3274 1166 3320 Tantum
1182 3271 1425 3320 eminebat
1507 3286 1659 3335 gnum
1678 3269 1849 3318 datum
1865 3281 1959 3328 ese,
1982 3269 2095 3318 vide
2112 3270 2177 3318 ad
2192 3271 2282 3330 Π,
2303 3270 2393 3332 39,
2412 3288 2462 3320 n.
2490 3288 2534 3321 1.

396 3346 660 3411 peregrina
677 3349 859 3407 virtus,
896 3365 1093 3401 romana
1116 3352 1245 3400 inter
1263 3350 1422 3401 Clusi·
1499 3368 1505 3371 ·
1583 3366 1634 3399 2.
1660 3351 1739 3396 Ne
1764 3348 1821 3397 id
1840 3349 2117 3397 decerneret
2139 3350 2190 3396 in
2217 3361 2369 3397 tanta:
2396 3351 2533 3396 nobi-

403 3426 648 3487 εισι-ρ.
664 3427 867 3484 Fabius,
884 3440 1066 3475 evectus
1080 3440 1225 3476 extra
1238 3429 1395 3475 aciem
1401 3446 1424 3484 ;
1515 3428 1666 3476 litatis
1691 3428 1814 3476 viris
1824 3463 1841 3485 ,
1876 3429 2010 3476 viros
2043 3428 2209 3494 (conf.
2240 3423 2419 3475 XXVI
2432 3462 2447 3485 ,
2474 3443 2534 3486 ²3

403 3505 542 3554 Fabii
552 3521 837 3570 praenomen
849 3507 1093 3554 omittitur
1108 3508 1160 3553 in
1177 3507 1313 3553 Leid.
1328 3522 1423 3554 sec.
1513 3508 1770 3566 XXVIII,
1796 3507 1888 3567 433
1911 3520 1960 3555 et
1984 3507 2247 3555 Ruhnken.
2271 3506 2333 3553 ad
2356 3505 2532 3553 Vellei.

401 3584 541 3646 quod
567 3596 729 3633 tamen
757 3584 941 3648 requiri
970 3596 1220 3649 putamus,
1243 3595 1299 3632 ut
1323 3584 1422 3630 diu-
1516 3587 1591 3645 11,
1620 3586 1748 3650 23),
1786 3585 1986 3633 ambitio
2026 3586 2282 3641 obstabat,
2317 3584 2534 3631 studium

402 3661 650 3725 tinguatur
675 3680 703 3710 a
731 3662 927 3710 duobus
956 3663 1210 3721 fratribus,
1238 3662 1324 3725 qui
1358 3663 1422 3709 si-
1510 3662 1815 3726 gmtificandi
1840 3664 2027 3722 Fabiis3
2046 3664 2162 3711 vide
2190 3664 2253 3710 ad
2278 3665 2352 3721 11,
2376 3678 2461 3722 27,
2482 3680 2532 3712 n.

397 3741 503 3789 mul
531 3742 681 3806 legati
707 3742 843 3790 missi
870 3753 1024 3789 erant.
1059 3740 1198 3788 Idem
1228 3756 1424 3804 praeno-
1514 3742 1564 3800 5,
1587 3753 1635 3788 et
1659 3743 1751 3800 IV,
1781 3742 1865 3799 31,
1893 3758 1942 3788 n.
1970 3750 2025 3801 43
2051 3741 2346 3797 decerneret,
2378 3742 2532 3791 scilic.

397 3836 512 3869 meu
530 3821 577 3869 ei
595 3821 827 3870 tribuitur
845 3821 971 3869 infra
986 3820 1077 3868 lib.
1091 3822 1163 3866 vl
1174 3853 1190 3879 ,
1208 3835 1252 3866 c.
1270 3835 1313 3866 1.
1329 3821 1421 3868 En.
1510 3831 1704 3867 senatus
1720 3837 1734 3877 ς
1759 3819 1858 3866 nisi
1880 3820 1975 3883 leg.
2003 3819 2334 3877 decernerent,
2353 3821 2432 3868 vel
2449 3822 2532 3869 de-

396 3904 566 3948 -Per
575 3903 703 3951 latus
716 3902 1009 3970 transfixum
1025 3900 1195 3957 hasta,
1218 3898 1423 3948 occidit.-
1511 3908 1799 3945 cerneretur.

392 3982 691 4043 perlustrans
706 3981 876 4048 fixum
904 3980 1049 4029 hasta
1059 4014 1075 4037 ,
1115 3979 1295 4027 occidit
1321 3979 1424 4043 pti·
1527 3979 1534 3988 ’
1586 3978 1632 4024 3.
1662 3975 1856 4032 Cladis,
1872 3973 2012 4041 fime
2032 3974 2215 4041 gallico
2242 3975 2364 4024 bello
2391 3996 2530 4028 acce-

396 4074 487 4107 ω
510 4061 777 4120 editiones,
802 4059 940 4124 quod
961 4060 1067 4108 sine
1086 4075 1244 4108 sensu.
1265 4058 1423 4106 Aldus
1501 4066 1609 4120 ptae
1625 4091 1642 4114 ‚
1681 4056 1724 4102 si
1748 4055 1876 4103 forte
1900 4065 2099 4119 accepta
2126 4065 2251 4103 esset
2264 4090 2278 4115 ,
2306 4057 2386 4106 vel
2410 4059 2529 4107 olim

396 4137 552 4188 edidit
568 4156 665 4204 per
684 4141 812 4189 latus
832 4138 1141 4209 transfixum.
1162 4136 1419 4187 Eum-Si·
1510 4135 1828 4200 acciperetur.
1855 4134 2038 4186 Confer
2059 4132 2123 4181 ad
2140 4135 2215 4181 lx
2234 4169 2248 4194 ,
2279 4138 2339 4185 18
2354 4172 2368 4197 ,
2395 4155 2444 4185 n.
2474 4141 2530 4200 35

663 4231 768 4298 II.
1818 4270 1824 4279 ,
2089 4217 2174 4291 13
