3000 4717
335 365 340 369 ’
421 354 550 459 4¹12
572 356 672 459 ³322„
844 364 850 371 ’
932 377 1250 445 LIBER
1312 377 1936 445 v.cAP.x1,1
2348 374 2489 445 203

372 498 716 599 pontifiee
744 500 1059 571 maximo
1089 494 1433 595 praefante
1462 521 1753 569 carmen
1769 500 1825 585 4,
1860 497 2229 568 devovisse
2262 520 2386 570 eos
2415 520 2493 567 se

373 637 510 710 pro
552 612 782 708 patria
817 605 1368 704 Quiritibusque
1397 591 1740 678 Romanis
1755 662 1779 696 ,
1817 604 2119 677 tradant.
2162 604 2380 693 Galli,
2418 618 2493 678 et

370 722 542 818 quia
593 721 1015 818 interposita
1064 734 1279 792 nocte
1315 743 1357 790 a
1392 719 1864 790 contentione
1898 739 2162 814 pugnae
2194 717 2493 788 remise-

369 846 534 902 rant
579 832 855 902 animos
880 885 900 920 ‚
950 845 1023 902 et
1073 830 1274 928 quod
1322 822 1458 902 nec
1509 832 1591 900 in
1647 830 1796 901 acie
1842 824 2136 923 ancipiti
2188 847 2495 920 usquam

371 956 818 1013 certaverant
855 941 1140 1039 praeli0‚
1195 965 1333 1013 nec
1379 955 1539 1012 tum
1594 942 1874 1038 impetu
1892 993 1911 1027 ‚
1959 950 2084 1008 aut
2139 936 2209 1004 vi
2267 933 2501 1031 capie-

369 1050 549 1123 bant
575 1051 833 1124 urbem
850 1108 870 1142 ‚
906 1053 1059 1123 sine
1090 1052 1194 1123 ira
1211 1106 1231 1142 ‚
1273 1054 1426 1125 sine
1464 1051 1721 1123 ardore
1751 1051 2164 1121 animorum
2193 1045 2501 1143 ingressi

370 1178 668 1261 postero
706 1165 822 1235 die
858 1163 1153 1252 urbem,
1194 1178 1486 1261 patente
1524 1162 1812 1235 Collina
1852 1174 2098 1259 porta,
2131 1159 2208 1228 in
2255 1154 2496 1227 forum

371 1275 807 1372 perveniunt
821 1329 841 1363 ‚
877 1272 1468 1346 circumferentes
1487 1274 1739 1346 oeulos
1759 1272 1851 1344 ad
1873 1268 2142 1366 templa
2159 1267 2381 1338 deum
2403 1289 2503 1335 ar·

372 1409 677 1482 cetoque
692 1440 712 1474 ‚
750 1384 978 1458 solam
1001 1385 1175 1459 belli
1199 1388 1515 1483 speciem
1539 1398 1937 1457 tenentem.
1960 1380 2143 1452 Inde
2160 1433 2185 1468 ,
2211 1375 2500 1448 modico

368 1496 621 1567 relicto
643 1496 974 1593 praesidio
1003 1497 1142 1592 (ne
1169 1497 1331 1593 quis
1363 1498 1439 1566 in
1469 1497 1849 1593 dissipatos
1878 1519 1973 1565 ex
1999 1515 2199 1579 arce,
2224 1501 2347 1561 aut
2377 1491 2502 1559 Ca-

369 1607 631 1704 pitolio
660 1607 973 1703 impetus
1006 1606 1288 1701 fieret),
1335 1607 1592 1705 dilapsi
1625 1606 1717 1677 ad
1751 1603 2066 1704 praedam
2099 1604 2343 1675 vacuis
2373 1626 2497 1672 oc-

372 1741 587 1787 cursu
613 1714 1040 1788 hominum⁵
1068 1718 1234 1807 viia,
1269 1741 1438 1816 pars
1467 1720 1546 1788 in
1573 1718 1902 1815 proxima
1930 1738 2241 1815 quaeque
2275 1726 2499 1784 teoto·

369 1851 538 1900 rum
591 1829 874 1924 agmine
928 1842 1200 1918 ruunt;
1248 1851 1413 1927 pars
1462 1829 1752 1914 ultima,
1815 1828 2016 1899 velut
2065 1851 2149 1898 ea
2203 1824 2501 1896 demum

369 1938 636 2010 intaeta
670 1954 744 2011 et
772 1937 1033 2011 referta
1062 1940 1335 2037 praeda,
1371 1955 1637 2039 petunt
1668 1968 1684 2009 ε
1722 1938 1897 2012 inde
1929 1959 2179 2009 rursus
2204 1935 2357 2034 ipsa
2389 1958 2501 2005 so-

370 2048 674 2128 litudine
712 2050 1109 2140 absterriti,
1160 2075 1256 2124 ne
1294 2075 1438 2149 qua
1480 2051 1676 2125 fraus
1725 2050 2002 2123 hostilis
2045 2070 2267 2146 vagos
2306 2044 2498 2116 exci-

368 2176 613 2257 peret,
668 2165 743 2234 in
790 2161 1036 2234 forum
1086 2185 1170 2236 ac
1212 2165 1625 2261 propinqua
1673 2160 1837 2233 foro
1884 2161 2044 2234 loca
2089 2155 2503 2255 conglobati

367 2269 704 2344 redibant
747 2300 764 2342 τ
798 2273 928 2344 ubi
963 2298 1123 2361 eos,
1162 2273 1396 2372 plebis
1425 2273 1741 2346 aedificiis
1769 2271 2121 2344 obseratis
2138 2325 2157 2359 ‚
2191 2267 2499 2368 patenti·-

369 2375 509 2449 bus
542 2384 736 2455 atriis
777 2386 1186 2484 principum
1204 2442 1223 2476 ‚
1266 2385 1498 2480 major
1533 2407 1763 2483 prope
1801 2382 2168 2455 cunctatio
2202 2375 2503 2454 tenebat

371 2504 618 2584 aperta
639 2546 658 2578 ‚
721 2515 940 2589 quam
986 2496 1259 2583 clausa,
1319 2495 1711 2567 invadendi
1759 2521 1777 2565 ι
1820 2494 2005 2566 adeo
2053 2488 2248 2563 haud
2295 2511 2505 2561 secus

373 2619 592 2692 quam
627 2602 1122 2674 venerabundi
1157 2605 1638 2676 intuebantur
1671 2608 1749 2676 in
1786 2600 2095 2680 aedium⁶
2126 2598 2503 2675 vestibulis

370 2812 475 2848 non
502 2798 732 2864 displicet
754 2800 942 2850 Dukeri
966 2803 1119 2862 ratio,
1135 2815 1192 2851 ut
1212 2803 1290 2851 vel
1314 2818 1395 2850 ve-
1480 2819 1594 2852 voe.
1617 2804 1781 2851 urbem
1801 2816 1915 2853 ante
1933 2814 2133 2869 parente
2152 2802 2343 2851 Collina
2350 2811 2513 2874 pona»

368 2875 594 2926 stibulum
604 2879 768 2928 latiori
788 2897 959 2940 sensu,
979 2881 1055 2929 vel
1068 2881 1276 2928 medium
1290 2898 1393 2929 non
1481 2882 1709 2928 nonnulli
1729 2881 1986 2930 delendam
2002 2893 2178 2946 putant
2190 2916 2204 2939 ‚
2227 2880 2339 2943 quia
2354 2878 2504 2926 modo

369 2956 515 3005 nimis
532 2960 775 3009 subtiliter
792 2961 1061 3025 accipiatur
1074 2996 1088 3020 ,
1119 2977 1268 3025 quum
1283 2978 1331 3008 v.
1348 2977 1390 3008 c.
1481 2961 1746 3024 praecessit.
1769 2960 1950 3008 Confer
1962 2972 2123 3008 tamen
2142 2958 2205 3006 ad
2226 2961 2250 3005 1
2263 2992 2278 3016 ,
2300 2959 2350 3014 3,
2368 2973 2420 3004 ιι.
2446 2958 2504 3015 83

371 3035 422 3082 in
447 3038 604 3086 medio
634 3041 765 3089 mari
790 3054 839 3091 et
865 3041 915 3089 in
949 3040 1111 3089 media
1143 3043 1260 3089 urbe
1269 3039 1396 3109 fieri
1481 3051 1534 3087 et
1563 3055 1683 3088 mox
1708 3040 1771 3088 ad
1798 3055 1905 3105 cap.
1941 3041 2032 3098 43,
2066 3054 2117 3085 ιι.
2147 3046 2199 3094 4.
2221 3063 2291 3073 —-
2311 3035 2505 3083 Gallina

371 3112 610 3175 dieantur,
632 3120 742 3182 quae
759 3136 864 3169 non
884 3121 1061 3235 proenl
1077 3138 1104 3169 a
1124 3121 1269 3169 litore
1287 3131 1337 3169 et
1358 3135 1387 3167 ι
1476 3131 1652 3183 porta,
1681 3119 1797 3167 virle
1814 3119 1877 3167 ad
1895 3120 1971 3178 n,
1997 3132 2077 3176 ιι,
2098 3134 2149 3164 ιι.
2175 3117 2222 3172 3,

372 3194 529 3255 portis
550 3193 684 3244 flant.
1548 3199 1597 3247 5.
1618 3200 1829 3246 Occursu
1842 3197 2114 3255 hominum,
2136 3194 2509 3245 occurrentibus

444 3279 492 3326 4
522 3274 670 3330 Sunt,
699 3277 786 3338 qui
812 3279 882 3325 Μ.
911 3279 1064 3327 Fabio
1079 3290 1219 3342 pont.
1247 3295 1385 3327 max.
1472 3278 1776 3327 hominibus.
1805 3303 1875 3315 --
1895 3276 2032 3340 Quid
2053 3276 2183 3325 hoe?
2206 3277 2308 3324 νέα,-
2326 3291 2509 3323 vacua·

362 3349 609 3415 proefanee
626 3365 822 3400 ear-men
838 3355 916 3421 (v.
938 3358 1000 3404 ad
1024 3358 1112 3417 IV,
1132 3375 1160 3406 2
1173 3374 1219 3416 1,
1235 3374 1285 3405 n.
1313 3357 1385 3423 ι),
1475 3370 1591 3407 suut
1608 3371 1806 3407 occursu
1825 3354 2073 3405 hommum
2086 3362 2113 3404 ι’
2129 3357 2285 3422 Lego,
2305 3369 2507 3403 occursu

368 3427 607 3477 devovisse
624 3445 704 3478 eos
725 3448 798 3479 se.
812 3468 848 3480 ..
870 3435 1094 3492 tradant,
1121 3449 1176 3485 ut
1190 3448 1239 3484 et
1251 3437 1383 3486 plut.
1477 3437 1711 3495 hostium,
1741 3453 1855 3486 vera
1887 3435 2253 3495 emendatione,
2282 3445 2340 3483 ut
2375 3433 2505 3481 arbi-

367 3507 403 3557 l.
427 3509 461 3556 l.
490 3510 728 3557 Devovet-e
750 3525 829 3568 se,
858 3513 1010 3561 seille.
1039 3514 1134 3562 diis
1155 3515 1389 3563 Manibus
1478 3528 1599 3565 tror.
1615 3517 1746 3565 Tne.
1766 3517 1950 3564 Fun.
1971 3516 2145 3564 Hostes
2165 3526 2213 3563 et
2236 3513 2452 3561 honrines
2476 3525 2509 3557 a

371 3599 419 3635 et
440 3589 648 3649 Telluri,
673 3589 757 3636 seu
780 3595 922 3639 matri
943 3591 1129 3652 Terrae,
1153 3605 1226 3641 est
1246 3593 1396 3642 certis
1448 3643 1452 3652 ,
1476 3595 1692 3643 librariis
1713 3595 2027 3655 commutari,
2056 3597 2229 3642 veru'm
2251 3603 2339 3639 est.
2369 3590 2505 3653 Quid

368 3667 546 3714 ritibus
573 3679 623 3715 et
648 3668 884 3731 pontifice
916 3686 1043 3719 max.
1079 3673 1233 3719 verba
1258 3689 1391 3736 prce·
1479 3677 1641 3723 tamen
1666 3674 1823 3722 Fabro
1849 3676 1903 3722 in
1925 3675 2121 3738 vulgata
2141 3671 2382 3730 lectione,
2410 3683 2510 3735 pm

369 3757 511 3793 eunte
526 3746 662 3812 (vide
678 3747 741 3794 ad
759 3747 853 3806 IV,
871 3764 958 3808 αι,
978 3766 1028 3796 ιι.
1054 3747 1102 3814 ι)
1121 3767 1213 3815 pro
1237 3752 1391 3799 salute
1480 3768 1575 3817 qua
1614 3763 1747 3800 stant
1785 3767 1957 3801 omnes
1994 3750 2191 3799 codices
2238 3749 2411 3814 scripti
2457 3759 2506 3797 et

369 3826 491 3889 reip.
519 3827 593 3872 vel
621 3826 893 3875 calamitate
919 3828 1023 3888 ejus
1051 3830 1313 3878 avertenda
1339 3847 1402 3880 se
1479 3831 1626 3890 editi,
1658 3829 1918 3896 displicere
1941 3830 2160 3896 potuerit
2175 3865 2189 3889 ‚
2221 3845 2326 3876 non
2359 3828 2513 3894 plane

368 3919 655 3953 consecrare
681 3906 826 3963 morti
843 3940 858 3964 ,
891 3907 953 3960 de
990 3923 1089 3972 quo
1122 3908 1238 3956 vide
1274 3910 1391 3958 infr.
1479 3909 1718 3957 videmus.
1747 3909 2076 3974 lim—Vagus
2100 3908 2365 3972 exciperet,
2387 3909 2509 3957 vide

366 3983 522 4043 Vm,
551 3984 1262 4047 9‚10;X‚28;etMaerob.
1289 3990 1388 4037 Sat.
1479 3987 1650 4048 adn,
1681 3998 1819 4049 4,ιι.
1849 3988 1896 4037 3.

367 4063 467 4122 111,
487 4080 535 4125 9.
562 4065 716 4112 Simul
741 4081 860 4113 vero
882 4078 930 4115 et
953 4067 1120 4116 hostes
1149 4068 1393 4117 devoveri·
1550 4068 1599 4116 6.
1624 4068 1766 4116 Adeo
1793 4067 1937 4115 haud
1954 4081 2089 4117 secus
2109 4105 2122 4117 .
2143 4105 2154 4116 .
2177 4103 2190 4115 .
2205 4101 2219 4115 .
2249 4063 2299 4115 ir'z
2325 4068 2503 4116 aedium

371 4151 450 4187 tur
464 4142 572 4190 Diis
589 4143 846 4205 Manibus,
863 4157 919 4194 ut
932 4147 1087 4206 vm,
1113 4149 1391 4197 10.--Mox
1478 4148 1753 4205 vestibulis,
1783 4147 1900 4196 vide
1940 4164 2069 4213 supr.
2113 4160 2217 4196 not.
2260 4149 2316 4206 33
2353 4160 2401 4195 et
2441 4148 2513 4196 ad.-
