3000 4717
2398 423 2446 458 Δ.
2473 420 2520 459 C.
2550 423 2636 462 351.

572 444 705 541 372
1422 444 1496 509 T.
1563 441 1842 510 L1V11
2398 482 2516 522 uc.
2543 487 2635 528 w.

564 565 853 638 condita
889 578 1073 652 erat3
1100 565 1360 660 quinto
1387 564 1748 634 tricesimo
1772 616 1791 648 ,
1821 584 2039 656 quam
2067 583 2108 629 a
2140 560 2364 632 Gallis
2390 586 2692 660 recupe—

562 691 762 764 rata3
808 673 1050 746 ablato
1088 687 1252 771 post
1289 672 1757 743 undecimum
1794 691 2064 740 annum
2103 694 2143 740 a
2182 670 2397 768 plebe
2426 693 2688 743 consu-

557 785 706 857 latu
723 811 743 874 3
770 785 1044 882 patricii
1064 782 1397 854 consules
1415 780 1632 852 ambo
1654 807 1741 852 ex
1757 783 2177 879 interregno
2194 784 2690 879 magistratum

557 896 820 983 iniere,
862 899 943 966 C.
979 893 1332 990 Sulpicius
1366 889 1652 963 Peticus
1685 892 1976 963 tertium
1996 946 2016 980 ‚
2055 895 2153 961 Μ.
2182 891 2507 963 Valerius
2542 896 2690 962 Pu·-

557 1003 838 1075 blicola.
887 1002 1275 1100 Empulum
1318 1005 1405 1072 eo
1461 1025 1655 1071 anno
1708 1026 1795 1072 ex
1837 1000 2256 1072 Tiburtibus
2297 1002 2490 1073 haud
2529 1027 2687 1074 me-

559 1113 916 1185 morando
955 1113 1345 1184 certamine
1383 1126 1711 1209 captum3
1760 1112 1907 1182 sive
1940 1111 2251 1182 duorum
2301 1113 2692 1183 consulum

558 1226 880 1323 auspicio
911 1222 1185 1295 bellum
1219 1219 1322 1291 ibi
1351 1235 1771 1322 gestumest
1792 1276 1810 1310 ‚
1842 1236 1925 1292 ut
1963 1223 2309 1318 scripsere
2342 1222 2684 1318 quidam3

557 1358 687 1408 seu
736 1359 868 1432 per
916 1334 1110 1404 idem
1157 1347 1443 1429 tempus
1488 1332 2114 1429 Tarquiniensium
2164 1357 2461 1429 quoque
2511 1351 2690 1407 sunt

560 1445 811 1515 vastati
830 1445 978 1540 agri
1004 1442 1094 1513 ab
1123 1443 1441 1539 Sulpicio
1476 1443 1804 1531 consule,
1827 1469 1976 1541 quo
1996 1443 2319 1542 Valerius
2345 1446 2689 1517 adversus

558 1553 890 1624 Tiburtes
932 1554 1251 1650 legiones
1287 1553 1511 1623 duxit.
1566 1555 1781 1623 Domi
1819 1553 2047 1647 majus
2090 1568 2450 1624 certamen
2500 1579 2686 1626 con-

555 1664 836 1735 sulibus
886 1687 1048 1734 cum
1101 1663 1316 1761 plebe
1367 1687 1450 1734 ac
1497 1661 1808 1734 tribunis
1853 1677 2021 1734 erat.
2071 1664 2270 1735 Fidei
2313 1665 2456 1758 jam
2496 1690 2681 1755 suae,

551 1797 704 1843 non
723 1773 959 1843 solum
983 1774 1266 1842 virtutis
1283 1828 1301 1859 ‚
1326 1771 1691 1843 ducebant
1721 1791 1872 1844 esse
1897 1784 1949 1862 ¹,
1972 1788 2056 1843 nt
2076 1775 2513 1872 accepissent
2527 1776 2680 1847 duo

549 1884 826 1980 patricii
871 1883 1326 1953 consulatum
1348 1938 1367 1971 ‚
1408 1885 1506 1953 ita
1546 1883 1905 1955 ambobus
1943 1886 2258 1980 patriciis
2290 1886 2623 1956 mandare
2657 1914 2675 1957 :

548 1995 729 2091 quin
764 2008 888 2064 aut
930 2008 1088 2064 toto
1129 1993 1536 2065 cedendum
1572 2017 1755 2081 esse,
1796 1994 1854 2062 si
1895 1984 2224 2090 plebeius
2261 1996 2407 2089 jam
2448 1995 2677 2091 magi-

454 2091 463 2098 ’
551 2118 815 2175 stratus
843 2104 1256 2174 consulatus
1275 2101 1437 2188 fiat,
1463 2117 1585 2173 aut
1604 2117 1845 2173 totum
1870 2104 2393 2200 possidendum
2412 2158 2431 2191 ‚
2454 2128 2678 2200 quam

549 2215 1072 2310 possessionem
1111 2215 1461 2308 integram
1497 2238 1537 2282 a
1570 2213 1896 2308 patribus
1933 2216 2393 2312 accepissent.
2424 2212 2678 2285 Plebes

548 2338 804 2393 contra
838 2321 1076 2393 fremit
1126 2348 1140 2390 z
1190 2320 1387 2412 Quid
1417 2345 1494 2390 se
1532 2327 1770 2391 vivere
1784 2376 1805 2408 ‚
1849 2321 2037 2418 quid
2067 2328 2140 2393 in
2166 2338 2387 2420 parte
2414 2328 2673 2393 civium

545 2438 848 2516 censeri,
883 2436 981 2514 si,
1010 2431 1217 2523 quod
1235 2429 1548 2500 duorum
1584 2432 1959 2501 hominum
1995 2439 2259 2503 virtute
2278 2486 2297 2518 ,
2335 2439 2411 2503 L.
2442 2437 2679 2503 Sextii

542 2563 637 2608 ac
682 2544 755 2610 C.
814 2544 1112 2624 Licinii,
1155 2554 1457 2634 partum
1507 2546 1627 2626 sit,
1689 2539 1771 2609 id
1811 2541 2130 2611 obtinere
2175 2547 2484 2612 universi
2523 2565 2671 2612 non

531 2647 858 2746 possinffl
878 2649 916 2716 Ρ
956 2645 1091 2716 Vel
1118 2671 1350 2743 regeS,
1382 2647 1510 2717 vel
1537 2648 1999 2736 decemviros,
2038 2650 2187 2738 vel,
2216 2658 2282 2721 si
2311 2647 2517 2749 quod
2544 2656 2668 2720 tri-

540 2764 712 2830 stius
742 2764 833 2828 sit
852 2762 1138 2854 imperii
1165 2781 1429 2848 nomen
1445 2813 1465 2841 ,
1501 2758 1931 2856 patiendum
1964 2784 2115 2830 esse
2126 2767 2410 2856 potim,
2444 2785 2668 2857 quam

540 2869 797 2939 ambos
814 2873 1167 2965 patricios
1189 2868 1515 2938 consules
1531 2868 1865 2956 videant,
1893 2876 2120 2940 necin
2149 2876 2377 2941 vicem
2388 2895 2666 2968 parea-

539 2998 661 3050 tur
687 2995 907 3075 atque
936 2983 1355 3074 inperetur,-
1388 2976 1521 3047 sed
1536 3001 1718 3073 pars
1750 2978 1983 3046 altera
1995 3031 2014 3063 ,
2049 2984 2123 3048 in
2154 2996 2423 3049 aeterno
2451 2985 2668 3074 impe-

611 3164 731 3211 Cn».
750 3162 944 3208 XVIII.
967 3175 986 3205 1
1001 3195 1013 3207 .
1040 3159 1179 3205 Fidei
1185 3159 1298 3224 jam
1315 3174 1441 3215 stus,
1459 3175 1558 3205 non
1646 3175 1760 3206 cura
1804 3160 1980 3207 omissa
2027 3160 2202 3219 fidem,
2251 3161 2662 3225 exspectationem

538 3242 691 3288 solum
717 3238 940 3294 virtutis,
986 3237 1228 3284 ducebant
1250 3253 1376 3291 esse,
1416 3248 1557 3300 puta·
1645 3238 2027 3301 opinionemque
2051 3241 2369 3303 patriciorum
2409 3239 2662 3298 fallebant,

535 3318 678 3377 bant,
697 3317 925 3366 adfidem
944 3316 1213 3364 ordiniano
1230 3315 1555 3378 probandam,
1643 3316 1745 3374 vel,
1771 3327 1825 3363 nt
1852 3318 1902 3375 1,
1931 3333 1991 3379 9,
2017 3317 2224 3377 dicitur,
2249 3335 2335 3366 eos
2361 3318 2665 3382 decipiebant

536 3414 693 3460 neque
706 3398 769 3444 ad
781 3397 931 3442 solam
944 3394 1144 3458 gloriam
1159 3409 1293 3439 suam
1308 3403 1554 3457 spectare,
1634 3408 1729 3456 per
1739 3394 1913 3461 fidem.
1946 3396 2178 3444 Similiter
2203 3397 2252 3443 in
2266 3397 2427 3465 fidem
2456 3395 2661 3459 alicujus

530 3493 618 3524 seu
645 3476 804 3522 valere
825 3488 837 3520 :
858 3485 915 3520 ut
933 3473 1127 3529 XXIV,
1150 3486 1212 3516 22
1231 3505 1246 3529 ,
1271 3487 1319 3517 n.
1346 3485 1435 3526 10,
1460 3487 1553 3517 σιε-
1641 3472 1835 3528 venire,
1866 3485 1921 3521 ut
1945 3490 2064 3521 mox
2090 3474 2151 3522 de
2172 3474 2461 3523 Tiburtibus
2485 3474 2546 3521 ad
2575 3474 2660 3521 de-

531 3568 638 3603 tera
665 3549 854 3607 0'mnia,
897 3567 1008 3613 φησι·
1032 3549 1273 3616 sucefidei
1295 3549 1555 3612 tutelaeque
1642 3550 1878 3598 ditionem
1907 3554 2116 3612 coactis,
2144 3570 2188 3600 c.
2214 3570 2281 3615 19
2306 3570 2382 3617 pr.
2400 3551 2533 3621 fidei
2555 3552 2659 3616 ejus

534 3642 701 3681 essent.
729 3629 909 3679 Confer
934 3628 996 3674 ad
1022 3630 1124 3686 ΙΙΙ,
1149 3635 1215 3683 24
1231 3662 1245 3685 ,
1272 3644 1321 3674 ιι.
1358 3643 1378 3673 ι
1400 3645 1414 3685 ;
1443 3630 1520 3674 111
1537 3663 1551 3686 ‚
1639 3643 1691 3674 se
1721 3629 2022 3691 permittere,
2067 3632 2360 3678 committere
2373 3666 2389 3689 ‚
2436 3630 2653 3687 tradere,

533 3715 598 3761 62
615 3746 634 3770 ·.·
655 3728 709 3757 ιι.
736 3710 795 3768 ⁵3
823 3718 873 3755 et
891 3708 1069 3763 xxn,
1098 3707 1189 3767 39,
1213 3722 1264 3754 ιι.
1290 3722 1333 3754 ι.
1360 3707 1552 3754 Consu·
1636 3716 1734 3754 etc.
1761 3707 1967 3766 dicitur,
1995 3710 2079 3771 qui
2101 3711 2151 3756 s‘e
2175 3710 2220 3756 ei
2241 3709 2379 3756 dedit
2405 3708 2514 3771 (vel
2533 3708 2658 3755 arbi-

529 3792 656 3840 latus
672 3790 735 3837 iis
751 3805 779 3836 a
792 3785 1014 3835 Patribus
1032 3799 1143 3832 cum
1159 3783 1256 3832 fide
1270 3784 1411 3832 datus
1423 3796 1549 3842 erat,
1639 3785 1760 3841 trio,
1784 3788 2018 3849 potestati
2038 3798 2085 3834 et
2112 3788 2321 3851 imperio
2336 3820 2351 3845 ‚
2386 3786 2467 3833 vel
2488 3798 2655 3850 patro-

527 3869 628 3916 hoc
665 3880 763 3926 est,
806 3876 1009 3930 propter
1044 3864 1329 3928 opinionem
1363 3863 1425 3910 de
1449 3862 1550 3911 fide
1637 3863 1769 3909 cinio
1808 3865 1910 3924 ejus
1944 3880 1996 3912 se
2027 3881 2207 3928 suaque
2239 3865 2508 3930 permittit)
2538 3879 2654 3912 cum

528 3959 698 3993 eorum
722 3957 774 3993 et
791 3961 928 4009 spem
955 3955 1134 3991 certam
1147 3976 1163 4000 ‚
1189 3943 1323 4006 ipsos
1349 3957 1547 4005 operam
1634 3940 1734 3989 fide
1752 3943 2211 4006 etspe‘elementiae3
2226 3945 2345 3993 vide
2362 3944 2566 3992 omniuo
2587 3943 2654 3990 ad

529 4023 727 4069 «laturos
747 4038 874 4079 esse,
893 4033 948 4068 ut
965 4020 1225 4084 aliquando
1239 4021 1546 4084 impertirent
1633 4021 1861 4068 xxxvl
1877 4056 1891 4081 ,
1916 4023 1984 4069 28
1997 4058 2013 4081 ‚
2042 4039 2092 4071 n.
2124 4038 2168 4072 ι.

521 4110 575 4145 et
600 4098 858 4146 redderent
894 4099 1030 4160 quasi
1057 4097 1279 4144 eumdem
1303 4099 1542 4145 honorem
1700 4115 1749 4147 ο.
1772 4100 1840 4146 Id
1858 4101 2073 4148 obtinere
2090 4100 2298 4149 animm·
2313 4103 2409 4149 non
2422 4099 2644 4164 possiam

522 4174 699 4222 iisdem
711 4208 723 4231 ‚
738 4191 765 4221 a
782 4175 960 4235 quibus
979 4190 1089 4223 enm
1105 4176 1419 4237 accepissent.
1430 4177 1538 4240 Qua
1627 4176 1742 4224 vide
1769 4177 1831 4224 ad
1850 4180 1950 4238 111,
1985 4180 2049 4227 36
2065 4212 2080 4237 ,
2102 4195 2153 4226 ιι.
2180 4195 2259 4226 12.
