3000 4717
454 389 504 427 A.
529 384 577 425 C.
607 385 699 436 387.

455 447 510 486 11.
531 446 578 485 C.
607 446 698 485 365.

1020 389 1332 468 LIBER
1379 398 1509 465 VI.
1554 393 1780 463 CAP.
1834 394 1884 458 I.

2374 388 2513 486 237

402 529 676 601 etiamsi
717 551 877 623 quae
908 526 985 594 in
1021 522 1550 595 commentariis
1592 513 2017 615 pontificum
2051 514 2347 612 aliisque
2379 540 2517 613 pu-

400 638 603 709 blicis
622 638 1055 735 privatisque
1076 647 1282 703 erant
1302 628 1804 716 monimentiS‚
1838 627 2130 696 incensa
2152 625 2349 697 Urbe
2373 626 2520 723 ple-

399 773 643 845 raeque
678 748 1035 818 interiere.
1072 744 1389 815 Clariora
1432 741 1772 836 deinceps
1806 738 2256 832 certioraque
2289 735 2380 806 ab
2417 762 2519 808 se-

402 858 643 929 cunda
681 851 956 954 origine
982 912 1001 941 ‚
1044 856 1261 926 velut·
1289 851 1379 923 ab
1421 849 1761 948 stirpibus
1806 848 2033 918 laetius
2073 844 2521 941 feraciusque

397 982 663 1038 renatae
706 963 998 1054 Urbis3,
1066 979 1260 1062 gesta
1317 961 1515 1032 domi
1564 960 1979 1054 militiaeque
2035 956 2516 1053 exponentur.

400 1081 762 1147 Caeterum
809 1101 959 1172 quo
1006 1076 1241 1171 primo
1285 1069 1722 1142 adminiculo
1756 1081 1993 1138 erecta
2033 1079 2222 1152 erat,
2265 1063 2522 1134 eodem

403 1189 634 1257 innisa
669 1192 766 1257 M.
811 1188 1025 1256 Furio
1063 1184 1390 1283 principe
1436 1181 1665 1266 stetit3
1707 1202 1946 1274 neque
1989 1173 2523 1247 eum-abdicare

400 1320 477 1368 se
502 1297 883 1381 dictatura,
916 1297 1054 1367 nisi
1081 1319 1272 1365 anno
1300 1294 1735 1364 circumacto
1752 1344 1770 1378 ,
1802 1288 1988 1385 passi
2011 1299 2194 1357 sunt.
2222 1286 2525 1356 Comitia

400 1487 450 1523 et
472 1477 641 1534 XXV,
671 1493 692 1522 1
726 1486 850 1523 extr.
877 1502 948 1511 -
975 1477 1036 1521 In
1065 1469 1419 1519 commentariis

392 1556 705 1623 pontificum,
728 1572 778 1602 v.
803 1554 866 1601 ad
887 1555 977 1613 IV,
1007 1554 1054 1609 3,
1080 1569 1130 1599 ιι.
1157 1550 1203 1597 5.
1224 1576 1292 1585 --
1311 1548 1420 1593 ΡΙε-

397 1650 591 1696 roeque,
617 1634 722 1681 scil.
749 1633 902 1680 literae
917 1665 932 1690 ,
957 1631 1054 1677 nisi
1082 1646 1193 1677 eum
1219 1626 1419 1674 Dukero

400 1711 494 1775 leg.
504 1713 745 1775 pleraque
763 1729 782 1758 .·
801 1727 945 1773 quam
969 1709 1231 1756 lectionem
1256 1716 1420 1754 tuetur

401 1801 570 1837 noster
594 1789 908 1837 sorbonicus.
933 1789 1022 1834 En.

476 1869 523 1915 3.
545 1868 687 1915 Velut
703 1868 766 1914 ab
785 1866 1011 1929 stirpibus
1026 1864 1178 1912 ltetius
1180 1862 1421 1928 feracius-

397 1962 497 2010 que
517 1958 718 2004 renatae,
735 1945 1053 2009 resurgentis,
1068 1943 1203 1990 Urbis
1212 1961 1233 1999 ,·
1250 1942 1422 1989 confer

397 2025 608 2082 XXVI,
639 2033 699 2080 41
718 2059 733 2082 ,
756 2042 806 2073 n.
843 2040 931 2082 103
951 2024 1081 2087 inpr.
1101 2023 1307 2079 XXIX,
1339 2022 1365 2067 3
1385 2021 1420 2067 f.

401 2104 634 2169 majorem
652 2120 838 2167 semper
837 2100 1317 2168 frequentioremque
1326 2116 1421 2163 pro

398 2194 474 2229 tot
492 2182 627 2229 caesis
647 2181 931 2228 exercitibus
949 2180 1318 2227 subole-§centem
1336 2193 1426 2241 po-

400 2262 571 2324 pulum
595 2277 719 2309 rom.
749 2277 892 2323 quem
917 2262 1090 2307 Horat.
1120 2257 1215 2304 Od.
1242 2258 1334 2315 IV,
1360 2264 1390 2311 4
1408 2291 1421 2314 ,

406 2340 436 2385 5
442 2356 489 2399 7,
527 2350 778 2403 comparat
815 2340 942 2396 ilici,
966 2338 1026 2385 ab
1065 2337 1172 2401 ipsa
1204 2346 1423 2400 amputa-

397 2417 537 2464 tione
565 2418 718 2464 lcetius
745 2417 1068 2473 revirescenti,
1100 2432 1326 2478 novaque
1352 2415 1425 2461 vi-

403 2496 529 2541 rium
547 2496 843 2542 incrementa
862 2495 922 2541 ab
942 2511 996 2542 ea
1014 2495 1425 2557 capienti.--Quo

394 2574 558 2637 primo
581 2572 877 2619 adminiculo
905 2585 1065 2620 erecta
1093 2584 1228 2628 erat,
1260 2572 1428 2618 eodem

407 2652 568 2699 innisa
580 2650 734 2708 stetit,
762 2650 946 2697 scilicet
960 2651 1120 2698 Urbs:
1144 2647 1428 2712 metaphora

404 2731 557 2795 petita
591 2746 618 2776 a
656 2730 787 2788 vite,
829 2729 1086 2788 adjuncta,
1111 2744 1198 2774 seu
1234 2727 1425 2790 alligata

402 2809 527 2875 palis
538 2808 713 2856 ulmeis
731 2808 809 2855 vel
825 2807 1089 2871 plataninis
1109 2816 1157 2853 et
1174 2805 1422 2869 populeis,

403 2889 488 2951 qui
507 2904 678 2952 propr.
704 2886 1008 2933 adminicula
1036 2884 1153 2933 vitis
1181 2884 1429 2941 dicuntur,

401 2967 465 3014 ad
491 2984 599 3031 quse
618 2967 702 3013 illa
721 2982 772 3012 se
797 2962 941 3031 erigit
965 2964 1165 3032 (confer
1187 2963 1290 3012 Cic.
1316 2964 1427 3010 Seu.

404 3048 522 3104 XV,
542 3058 591 3094 et
610 3046 724 3093 Nat.
745 3048 893 3093 Deor.
921 3046 969 3092 H
985 3079 999 3102 ,
1027 3043 1141 3109 47);
1161 3042 1242 3090 vel
1262 3042 1322 3090 ab
1342 3042 1427 3089 ad·

404 3124 672 3181 miniculis,
696 3109 803 3187 quae
825 3124 1081 3171 arboribus
1097 3122 1234 3188 (vide
1258 3124 1426 3169 Senec.

408 3201 470 3247 de
496 3202 645 3249 Clem.
666 3204 740 3259 11,
767 3201 817 3266 7)
845 3202 1092 3249 aedibusve
1123 3202 1310 3248 ruinam
1345 3202 1430 3247 mi·

406 3279 636 3326 nantibus
645 3282 967 3344 applicantur,
977 3281 1249 3345 quibusque
1260 3281 1430 3327 innisoe

406 3368 557 3406 stant.
586 3359 767 3407 Confer
784 3362 860 3414 X,
894 3375 958 3406 22
988 3377 1064 3424 pr.
1099 3372 1147 3407 et
1182 3361 1244 3407 ad
1270 3361 1426 3408 Tacit.

409 3437 588 3484 Annal.
608 3437 753 3496 XIV,
779 3438 870 3494 54,
888 3454 938 3483 n.
966 3440 1152 3483 1.—M.
1172 3438 1317 3484 Furio
1336 3439 1427 3487 Ca-

408 3516 544 3564 millo
552 3515 775 3581 principe
783 3550 799 3572 ,
822 3516 935 3563 vide
953 3517 1016 3563 ad
1035 3518 1100 3574 V,
1119 3518 1182 3562 3ο
1195 3550 1209 3573 ,
1234 3533 1284 3562 ιι.
1309 3517 1429 3564 5.-

407 3596 579 3658 Neque
596 3610 703 3641 eum
721 3594 952 3640 abdicare
969 3611 1019 3640 se
1036 3594 1281 3641 dictatura
1289 3595 1432 3657 passi

407 3685 544 3730 sunt,
574 3673 678 3721 scil.
700 3674 911 3720 Romani
929 3673 1005 3732 (ut
1024 3671 1422 3737 dicunt,jerunt‚

406 3753 546 3816 etc.),
569 3753 648 3800 vel
669 3753 811 3808 Urbs,
832 3752 880 3799 h.
897 3768 938 3798 e.
959 3753 1133 3801 incola!
1150 3752 1277 3810 ejus,
1297 3752 1428 3799 cives

406 3831 549 3897 (vide
573 3831 636 3879 ad
663 3834 765 3890 III,
789 3839 872 3891 47,
892 3848 940 3877 n.
969 3829 1046 3895 1),
1062 3832 1158 3878 nisi
1181 3847 1312 3877 anno
1337 3830 1429 3877 cir-

405 3923 653 3967 cumacto,
681 3910 731 3957 h.
751 3926 794 3958 e.
816 3921 1039 3974 peracto,
1066 3922 1297 3967 exeunte,
1317 3909 1429 3956 fini-

405 4000 485 4048 to,
511 4000 565 4038 ut
588 3992 791 4048 xxvl,
823 3997 887 4045 40
911 4006 988 4053 pr.
1019 4000 1067 4037 et
1085 3990 1314 4047 XXVII,
1338 3990 1428 4047 3ο,

404 4070 497 4116 etsi
526 4070 811 4132 plerumque
845 4068 898 4115 id
933 4068 1112 4115 dicitur
1151 4068 1211 4115 de
1238 4068 1430 4131 integro

403 4161 565 4206 anno,
596 4149 679 4210 qui
709 4148 762 4194 iu
790 4164 866 4206 se,
895 4147 1067 4195 circuli
1090 4148 1261 4205 instar,
1284 4147 1427 4195 redit.

1508 1470 1614 1515 Hac
1653 1467 1780 1514 Livii
1820 1465 2086 1513 aliorumve
2116 1465 2358 1514 annalium
2394 1466 2526 1513 locu·

1509 1548 1670 1603 tione,
1698 1546 1821 1592 male
1846 1544 2091 1604 intellecta
2106 1579 2121 1602 ,
2148 1541 2339 1591 inducti
2357 1555 2528 1592 auctor

1508 1624 1743 1672 fastorum
1761 1624 2020 1688 capitolin.·
2032 1623 2268 1687 multique
2291 1623 2372 1670 alii
2390 1635 2532 1688 puta·

1508 1715 1623 1751 runt
1634 1738 1649 1763 ,
1667 1714 1826 1751 totum
1839 1719 2020 1750 annum
2033 1719 2135 1766 seq.
2146 1703 2307 1750 nullos
2319 1704 2527 1751 militum

1508 1784 1733 1831 tribunos
1751 1783 2034 1830 consulesve
2051 1782 2277 1829 habuisse
2288 1816 2301 1840 ,
2331 1780 2418 1828 sed
2435 1783 2527 1831 Ca-

1506 1862 1692 1909 millum
1730 1879 1791 1910 ex
1831 1861 2250 1909 senatusconsulto
2285 1876 2375 1924 per
2416 1875 2527 1906 eum

1508 1942 1817 1989 continuasse
1838 1941 2125 1989 dictaturam
2142 1940 2332 2004 reipub.
2352 1939 2531 1986 consti-

1510 2020 1704 2068 tuendae
1750 2000 2102 2082 seditionisque
2153 2018 2530 2082 comprimenda·

1511 2115 1668 2146 causa.
1707 2099 1799 2147 Cui
1828 2098 2081 2146 sententiae
2110 2114 2242 2161 seqq.
2275 2108 2323 2144 et
2352 2113 2457 2160 cap.
2498 2113 2525 2143 2

1511 2178 1828 2226 adversantur
1839 2214 1854 2237 ‚
1875 2193 2033 2239 neque
2052 2176 2218 2223 favent
2241 2175 2386 2223 verba
2403 2177 2529 2224 Plut.

1510 2257 1563 2303 in
1593 2257 1822 2316 Camillo,
1848 2273 1899 2320 p.
1936 2263 2059 2313 144,
2085 2254 2148 2301 ad
2172 2272 2279 2318 quae
2310 2255 2450 2319 Pigh.
2477 2256 2530 2302 in

1512 2337 1785 2383 Annalibus
1818 2335 1881 2382 ad
1912 2351 2094 2382 annum
2131 2335 2230 2390 364
2256 2347 2529 2398 provocat:

1516 2412 1782 2484 φοὸηθεῖσα
1828 2416 1907 2466 τὸν
1946 2411 2138 2484 θόρυὲον
2177 2414 2208 2469 ἦ
2258 2413 2401 2477 βουλὴ
2450 2414 2527 2465 τὸν

1516 2495 1603 2563 μὲν
1643 2495 1893 2563 Κάμιλλον
1939 2494 2023 2544 οὐκ
2061 2494 2198 2546 εἴασε
2243 2493 2527 2561 βουλόμενον

1518 2574 1780 2625 ἀποθέσθαι
1813 2573 1899 2629 τὴν
1941 2573 2088 2643 ἀρχὴν
2130 2573 2261 2632 ἐντὸς
2293 2575 2528 2625 ἐνιαυτοῦ

1517 2652 1691 2722 καίπερ
1729 2652 1778 2714 ἒξ
1817 2656 1972 2720 μῆνας
2014 2647 2246 2721 οὐδαμῶς
2283 2650 2532 2723 02:2de²-

1511 2736 1679 2789 λοντος
1694 2732 1852 2801 ἑτέρου
1863 2727 1977 2783 ‹tm-c
1984 2731 2186 2801 σίτωρος·
2198 2730 2292 2794 (Ex
2304 2748 2403 2794 quo
2415 2734 2531 2780 loco

1515 2808 1770 2872 probabile
1795 2808 1854 2856 fit
1871 2844 1886 2869 ,
1909 2809 1961 2856 h.
1982 2810 2015 2856 l.
2044 2827 2135 2873 pro
2148 2810 2290 2872 passi
2306 2824 2419 2856 sunt
2436 2811 2531 2874 leg.
2626 2831 2630 2842 ·

1519 2902 1622 2933 esse
1639 2903 1816 2949 passus
1841 2885 2074 2951 senatus.)
2098 2887 2328 2944 Camillo,
2353 2889 2438 2950 qui
2463 2890 2534 2935 rei

1520 2967 1741 3028 gerendae
1762 2982 1903 3012 causa
1922 2965 2133 3012 dictator
2151 2976 2252 3012 erat
2278 2965 2460 3024 dictus,
2480 2983 2536 3013 ea

1519 3056 1648 3107 gesta
1661 3060 1751 3108 per
1761 3044 1890 3107 leges
1903 3059 2006 3091 non
2016 3043 2194 3092 licebat
2206 3044 2534 3107 magistratum

1516 3123 1750 3181 retinere3
1783 3122 1869 3169 sed
1900 3139 1961 3169 ex
1991 3121 2409 3170 senatusconsulto
2433 3139 2536 3171 non

1519 3201 1747 3266 deposuit
1769 3213 1880 3249 ante
1907 3201 2090 3248 exitum
2116 3202 2257 3260 anni,
2282 3219 2382 3266 quo
2405 3219 2536 3251 crea-

1519 3293 1597 3328 tus
1624 3292 1738 3329 erat.
1764 3281 1994 3328 Similiter
2015 3291 2177 3327 errant
2194 3280 2306 3328 fasti
2324 3282 2533 3346 Capitol.

1520 3372 1568 3407 et
1592 3361 1731 3425 Pigh.
1755 3360 1817 3408 ad
1849 3377 1962 3407 ann.
1991 3368 2092 3420 429
2120 3370 2168 3407 et
2194 3367 2322 3418 444,
2347 3362 2432 3423 qui
2460 3361 2534 3408 di-

1516 3450 1750 3487 ctaturam
1781 3442 1836 3489 L,
1866 3439 2047 3503 Papirii
2089 3438 2311 3486 Cursoris
2355 3440 2408 3485 in
2449 3456 2533 3487 eos

1515 3533 1669 3565 annos
1689 3530 1997 3582 prorogatam
2009 3553 2022 3573 ,
2042 3534 2200 3580 neque
2219 3518 2340 3565 alios
2361 3519 2416 3564 in
2436 3518 2536 3567 illis

1514 3598 1821 3660 magistratus
1873 3598 2063 3645 curules
2115 3598 2263 3645 fuisse
2317 3598 2489 3645 dicunt
2520 3614 2535 3647 ε

1517 3676 1650 3737 quod
1684 3693 1775 3723 nec
1812 3676 2004 3735 Livius,
2035 3693 2156 3736 nec,
2189 3676 2324 3739 quod
2359 3677 2507 3724 sciam
2526 3720 2541 3744 ‚

1518 3753 1639 3800 alius
1668 3756 1921 3817 quisquam
1953 3754 2168 3802 tradidit.
2203 3755 2347 3803 Conf.
2375 3766 2539 3804 tamen

1518 3831 1579 3878 ad
1602 3833 1692 3890 IV,
1719 3833 1802 3890 33,
1824 3850 1873 3880 n.
1904 3835 1963 3891 6;
1985 3833 2137 3879 Periz.
2167 3833 2333 3900 Arnim.
2361 3833 2534 3884 histor.

1526 3926 1612 3969 103
1634 3907 1874 3958 Dodwell.
1891 3911 1950 3958 de
1971 3911 2122 3975 cyclis
2140 3912 2189 3956 X
2204 3944 2217 3968 ,
2247 3913 2537 3962 83.-—Non

1510 3983 1652 4037 vanno
1685 4000 1800 4052 post
1835 3989 2123 4036 dictaturam
2149 4002 2425 4054 acceptam,
2453 3994 2539 4041 sed

1520 4084 1649 4115 anno
1676 4080 1897 4116 currente
1923 4068 2115 4115 tandem
2143 4069 2434 4119 circumacto
2451 4108 2464 4132 ‚
2486 4090 2537 4123 se

1523 4146 1782 4196 abdicavit.
1806 4147 2197 4195 lim—Comitia
2217 4148 2265 4195 in
2289 4149 2536 4214 insequen-
