3000 4717
2157 341 2205 379 A.
2230 333 2279 375 C.
2304 332 2530 385 hos-406.

1310 358 1383 424 T.
1446 358 1505 425 L
1519 360 1552 425 I
1565 358 1630 424 V
1644 359 1677 423 I
1692 358 1725 422 I
2153 397 2201 436 U.
2226 398 2273 437 e.
2303 399 2529 447 aaa-346.

459 475 721 573 praedae
759 499 845 544 ex
881 474 1176 546 assiduis
1212 475 1835 574 populationibus,
1862 474 2062 571 quod
2095 480 2338 547 omnia
2373 481 2449 549 in
2481 480 2584 563 lQ-

463 609 630 655 cum
653 600 892 654 tutum
921 601 1254 682 congesta
1284 602 1517 672 erant,
1538 585 1673 657 fuit
1697 586 2166 681 aliquantum.
2184 587 2582 658 Venditum

464 694 648 766 subl*
668 695 865 764 hasta
902 697 1149 765 consul
1180 697 1253 765 in
1289 699 1614 767 aerarium
1651 696 1972 792 redigere
2010 707 2401 790 quaestores
2430 696 2583 790 jus-

462 806 588 892 sit3
620 821 775 875 tum
803 804 1197 901 praedicans
1227 809 1650 905 participem
1681 805 1935 906 praedae
1969 804 2123 875 fore
2155 807 2584 896 exercitum,

464 939 692 1009 quum
734 916 1058 984 militiam
1103 942 1253 987 non
1295 917 1662 988 abnuisset
1696 943 1710 984 ε
1756 930 1978 986 auctae
2018 913 2185 987 inde
2226 914 2457 1011 plebis
2502 940 2587 987 ac

460 1023 770 1094 militum
818 1026 894 1094 in
941 1027 1309 1098 consulem
1351 1030 1490 1098 irae.
1539 1033 1826 1124 Itaque,
1859 1050 2088 1122 quum
2132 1049 2220 1094 ex
2257 1038 2581 1098 senatus-

459 1135 792 1205 consulto
837 1134 1111 1207 Urbem
1163 1162 1384 1208 ovans
1433 1139 1764 1209 introiret
1785 1192 1804 1225 ,
1859 1136 2148 1206 alternis
2168 1130 2197 1178 5
2230 1133 2585 1204 inconditi

457 1270 706 1336 versus
750 1247 1035 1316 militari
1079 1248 1365 1319 licentia
1400 1249 1645 1344 jactati
1682 1275 1697 1317 ε
1739 1246 2007 1345 quibus
2051 1245 2304 1317 consul
2348 1247 2583 1316 incre-

458 1356 686 1451 pitus,
723 1359 960 1427 Maenii
1006 1358 1288 1430 celebre
1327 1385 1598 1431 nomen
1642 1357 1973 1430 laudibus
2008 1355 2185 1444 fuit,
2225 1381 2451 1452 quum
2492 1350 2584 1421 ad
2676 1448 2683 1457 ἶ

457 1489 751 1535 omnem
774 1470 1221 1540 mentionem
1249 1469 1524 1542 tribuni
1549 1470 1750 1541 favor
1778 1468 2300 1541 circumstantis
2328 1462 2584 1565 populi

456 1575 863 1671 plausuque
902 1591 974 1646 et
1003 1601 1303 1648 assensu
1340 1604 1505 1651 cum
1542 1580 1841 1652 vocibus
1881 1579 2190 1650 militum
2233 1590 2536 1649 certaret
2561 1603 2597 1644 z.

454 1684 765 1780 plusque
800 1709 890 1754 ea
915 1710 1065 1773 reS‚
1102 1712 1319 1782 quam
1349 1714 1577 1787 prope
1615 1691 1932 1762 solennis
1964 1689 2272 1761 militum
2299 1688 2582 1760 lascivia

457 1794 534 1862 in
573 1794 975 1883 consulem,
1008 1820 1194 1866 curae
1225 1797 1553 1868 Patribus
1588 1799 1854 1893 injecit.
1890 1806 1979 1869 Et
2008 1815 2354 1894 tanquam
2386 1794 2584 1867 haud

458 1901 772 1975 dubius⁶
807 1906 994 1976 inter
1031 1906 1361 1977 tribunos
1402 1906 1714 1978 militum
1755 1907 1992 1977 honos
2036 1909 2312 1992 Maeuii,
2353 1907 2413 1977 si
2451 1930 2583 2004 pe-

454 2028 677 2099 teret,
716 2015 1212 2088 consularibus
1256 2018 1560 2086 comitiis
1598 2030 1703 2087 est
1743 2015 2095 2086 exclusus.

471 2158 478 2161 *
551 2128 735 2195 LIV.
776 2128 1013 2197 Creati
1045 2128 1374 2197 consules
1402 2140 1571 2197 sunt
1603 2130 1735 2196 Cn.
1767 2124 2145 2196 Cornelius
2180 2128 2478 2211 CossuS‚
2503 2128 2582 2193 L.

455 2236 709 2305 Furius
734 2236 1174 2320 Medullinus
1199 2238 1483 2307 iterum.
1507 2240 1673 2308 Non
1693 2234 1861 2304 alias
1882 2234 2134 2331 aegrius
2157 2230 2365 2328 plebs
2383 2232 2583 2319 tulit,

456 2344 834 2415 tribunitia
870 2344 1006 2415 sibi
1039 2349 1325 2418 comitia
1359 2372 1513 2417 non
1550 2347 1922 2417 commissa
1940 2355 1962 2386 ¹
1994 2371 2009 2413 ε
2047 2368 2214 2417 eum
2255 2342 2584 2413 dolorem

479 371 606 422 102

456 2543 486 2588 8
503 2576 520 2599 2
543 2558 591 2587 ¹¹·
620 2550 649 2596 4
666 2575 681 2599 2
724 2542 882 2591 active
927 2540 1105 2593 dicitur
1131 2547 1216 2610 qui
1247 2546 1435 2596 invidet
1454 2581 1469 2606 ,
1559 2563 1728 2595 versus
1759 2544 1963 2594 militari
1994 2542 2192 2591 licentia
2208 2539 2417 2608 jactati,
2466 2536 2584 2586 vide

454 2620 540 2682 qui
566 2619 702 2679 odit3
731 2622 879 2668 Drak.

524 2708 572 2754 4.
601 2700 854 2747 Vendicum
878 2703 964 2749 sub
988 2702 1130 2750 hasta
1156 2703 1295 2769 (nam
1326 2704 1469 2753 hasta

447 2779 606 2842 palam
624 2814 638 2837 ‚
664 2780 887 2843 inprimis
919 2782 971 2828 in
1006 2782 1114 2829 foro
1151 2786 1339 2847 posita,
1368 2795 1469 2833 erat

447 2857 643 2921 signum
678 2860 920 2907 auctionis
944 2861 1157 2924 publicae
1173 2897 1187 2920 ,
1232 2864 1395 2911 forsan
1420 2874 1469 2911 et

445 2937 681 2999 privatae3
724 2938 854 2985 unde
884 2940 971 2986 sub
1006 2939 1151 2989 hasta
1175 2943 1387 2989 vendere
1411 2958 1468 2989 ac

445 3015 640 3071 venire,
664 3017 738 3062 ad
744 3016 937 3064 hastam
951 3019 1137 3075 locare,
1155 3020 1465 3078 subhastare,

447 3101 497 3138 et
514 3092 602 3137 inf.
631 3095 890 3154 XXXIX,
916 3104 1012 3151 44,
1035 3113 1084 3142 n.
1117 3098 1145 3142 8
1162 3115 1177 3154 3
1196 3099 1468 3145 submovere

447 3169 511 3215 ab
538 3168 712 3225 hasta,
734 3170 786 3214 h.
809 3185 850 3216 e.
871 3171 1129 3216 excludere
1147 3185 1174 3215 a
1193 3175 1436 3215 locatione
1449 3205 1464 3227 ,

442 3262 548 3295 non
594 3247 848 3293 admittere
892 3247 956 3293 ad
998 3247 1379 3316 redemptiffaim
1418 3257 1467 3294 et

447 3337 620 3374 contra
642 3326 810 3387 XLIII
825 3359 840 3382 ,
875 3326 935 3371 16
952 3341 1029 3388 pr.
1054 3324 1128 3370 ad
1147 3323 1340 3371 hastam
1358 3341 1467 3371 ceu-

446 3421 611 3453 sorum
637 3403 866 3450 accedere
897 3402 1083 3449 scilicet
1118 3402 1465 3450 conducendo-

441 3501 552 3532 rum
569 3481 880 3545 vectigalium
897 3479 1066 3543 causa)
1092 3480 1325 3527 consalin
1344 3498 1465 3529 cera-

442 3563 569 3610 rium
586 3598 603 3618 ,
646 3572 701 3609 ut
737 3560 796 3607 al.
841 3560 889 3606 in
923 3560 1170 3623 publicum
1184 3595 1201 3616 ,
1249 3559 1465 3624 redigere

442 3640 590 3705 (vide
604 3641 666 3688 ad
684 3643 735 3687 11
750 3675 765 3699 ‚
785 3655 816 3702 9
832 3674 846 3698 ,
865 3655 915 3687 n.
938 3637 998 3703 4)
1022 3650 1280 3702 quaestores
1288 3638 1459 3703 jussit,

443 3720 613 3766 confer
634 3720 697 3767 ad
723 3722 787 3779 V,
814 3734 906 3780 19,
928 3736 978 3764 n.
1001 3718 1046 3765 8.

514 3797 563 3844 5.
591 3798 803 3844 Alternis
822 3798 1007 3845 scilicet
1031 3797 1220 3844 vicibus
1242 3794 1326 3861 (ut
1350 3814 1456 3861 cap.

445 3875 507 3934 57
553 3890 628 3938 pr.
669 3877 824 3922 xxn
840 3910 854 3933 ,
899 3878 958 3922 13
1007 3875 1106 3942 al.)
1155 3875 1425 3944 ἀμοιβαίως
1441 3913 1457 3941 ,

445 3951 608 4000 choris
635 3952 841 4000 militum
875 3970 964 4017 per
987 3954 1119 4001 vices
1147 3956 1457 4015 canentibus,

442 4032 595 4079 altero
644 4029 926 4094 increpante
970 4034 1218 4080 consulem
1247 4068 1263 4092 ,
1306 4036 1459 4083 altero

443 4109 677 4158 Maenium
702 4108 927 4157 laudibus
949 4110 1202 4169 efferente,
1228 4111 1463 4161 inconditi

1561 2626 1624 2674 ad
1642 2624 1731 2684 IV,
1758 2641 1851 2683 20,
1873 2638 1923 2672 n.
1952 2639 1995 2670 1.
2020 2626 2139 2671 Haec
2158 2622 2361 2669 militum
2381 2617 2581 2666 lascivia

1550 2721 1708 2770 prope
1723 2703 1930 2752 solennis
1949 2714 2049 2750 erat
2061 2737 2075 2760 ,
2093 2701 2304 2765 vulgaris
2324 2710 2372 2746 et
2389 2697 2581 2775 usitata:

1557 2786 1724 2832 ——Pro
1733 2783 2006 2847 increpitus,
2018 2780 2159 2828 multi
2172 2781 2442 2843 increpatus
2452 2793 2471 2823 .·
2478 2790 2583 2822 non

1560 2875 1662 2911 erat
1681 2880 1769 2910 cur
1790 2861 2039 2924 vulgatum
2061 2870 2343 2906 mutaretur.
2363 2857 2453 2902 En.

1631 2941 1679 2988 6.
1709 2944 1963 3003 Tanquam
1993 2938 2132 2985 haud
2152 2936 2324 2982 dubius
2342 2943 2488 2990 ‚-etc.
2525 2931 2581 2982 h.

1559 3037 1600 3067 e.
1634 3020 1772 3083 quasi
1807 3030 1856 3065 et
1890 3033 2041 3080 quum
2067 3031 2171 3062 non
2198 3013 2400 3061 dubium
2424 3021 2585 3070 esset,

1558 3099 1677 3160 quin
1722 3096 1956 3153 Maenius,
2003 3095 2047 3141 si
2084 3091 2323 3157 proximis
2367 3090 2582 3137 comitiis

1557 3175 1743 3221 tribuni
1760 3174 1968 3220 militum
1992 3186 2127 3218 cons.
2151 3181 2258 3233 pot.
2284 3179 2580 3227 crearentur,

1557 3261 1606 3292 et
1632 3250 1714 3292 ille
1753 3250 1884 3291 hune
1929 3249 2166 3291 honorem
2206 3257 2393 3308 peteret
2408 3282 2422 3305 ,
2467 3263 2578 3294 eum

1556 3338 1751 3388 quoque
1776 3334 2176 3386 consequeretur,
2204 3325 2476 3372 consularia
2499 3325 2576 3371 in-

1557 3402 1687 3449 dicta
1720 3413 1835 3450 sunt
1858 3402 2080 3460 comitia,
2108 3413 2158 3449 et
2179 3402 2247 3450 ita
2268 3403 2477 3450 Maenius
2512 3403 2581 3449 ab

1554 3481 1641 3528 illo
1657 3481 1848 3529 honore
1876 3480 2098 3528 exclusus
2125 3492 2212 3529 est.
2241 3481 2367 3529 Nam
2388 3479 2577 3528 tribuni

1555 3560 1656 3606 mil.
1685 3575 1819 3607 cons.
1845 3571 1950 3624 pot.
1973 3559 2252 3623 promiscue
2272 3577 2334 3607 ex
2352 3558 2575 3607 Patribus

1555 3655 1611 3685 ac
1647 3639 1792 3703 plebe
1818 3639 1969 3687 creari
1996 3624 2225 3703 poterant
2259 3638 2400 3702 (vide
2427 3653 2575 3700 supra

1553 3734 1659 3783 cap.
1684 3721 1743 3777 6,
1773 3716 1861 3782 7),
1885 3734 1988 3766 non
2014 3734 2132 3765 vero
2158 3717 2397 3765 eonsules.
2425 3716 2575 3764 Conf.

1547 3797 1922 3857 1V‚1‚n.6;v,
1946 3796 2255 3855 123V1,35‚
2277 3796 2570 3854 423VII,1.
2614 3852 2621 3855 -

1616 3877 1736 3925 ΟΜ».
1761 3876 1889 3923 LIV.
1926 3890 1970 3924 1.
2016 3874 2213 3939 AEgrius
2240 3874 2379 3938 plebs
2417 3872 2558 3928 uelit,

1551 3954 1803 4002 tribunitia
1835 3953 1928 4001 sibi
1956 3952 2153 4000 comitia
2180 3969 2276 3999 non
2299 3949 2573 3998 commissa.

1553 4035 1609 4086 τὸ
1632 4035 1770 4098 plebs
1806 4034 1860 4079 in
1886 4031 2174 4095 quibusdam
2206 4030 2458 4078 codicibus
2485 4027 2573 4075 de-

1550 4113 1815 4172 sideratum
1843 4111 1979 4171 cujus
1995 4109 2318 4173 locopertulit
2330 4108 2570 4180 praebent.
