3000 4717
470 330 521 368 A.
547 326 597 366 C.
627 327 717 366 38⁸.

469 387 523 427 11.
547 388 597 428 C.
626 388 717 433 364.

922 346 1231 412 LIBER
1282 343 1368 409 V.
1424 343 1645 410 CAP.
1697 342 2018 408 XXXV.

2358 344 2365 357 “
2410 361 2533 435 191

417 469 592 538 nino
615 463 880 539 deinde
899 465 1054 537 Boii
1079 464 1594 559 Lingonesque
1618 461 2040 556 transgressi
2055 461 2112 547 4,
2132 483 2363 556 quum
2392 460 2542 555 jam

416 580 609 651 inter
633 575 907 665 Padum
934 588 1153 671 atque
1181 573 1399 670 Alpes
1434 573 1679 643 omnia
1718 586 2173 658 tenerentur,
2199 572 2392 644 Pado
2428 598 2542 645 ra-

416 687 614 760 tibus
642 687 976 781 traject0‚
1003 709 1153 755 non
1179 689 1516 757 Etruscos
1537 682 1795 771 modo,
1816 681 1943 754 sed
1965 682 2181 753 etiam
2194 682 2542 771 UmbrOS‚

417 822 588 894 agro
620 794 906 893 pellunt
945 821 959 862 ε
1001 795 1192 865 intra
1223 794 1688 891 Apenninum
1735 806 1978 863 tamen
2024 814 2177 862 sese
2220 805 2544 864 tenuere.

416 911 599 976 Tum
627 911 984 992 SenoneS,
1005 902 1474 976 recentissimi
1507 901 1983 990 advenarum,
2009 900 2102 971 ab
2120 905 2391 975 Utente
2416 900 2545 972 flu·

418 1018 614 1089 mine
639 1012 670 1060 ⁵
702 1040 933 1113 usque
982 1013 1074 1091 ad
1118 1015 1332 1089 AEsim
1385 1013 1567 1087 fines
1609 1013 1954 1089 habuere.
2009 1017 2215 1083 Hanc
2257 1026 2550 1108 gentem

420 1129 744 1201 Clusium
763 1184 784 1219 ‚
816 1135 1268 1227 Romamque
1296 1129 1503 1216 inde,

1526 1128 1809 1198 venisse
1842 1123 2213 1221 comperio
2248 1149 2263 1189 ε
2309 1120 2385 1191 id
2418 1146 2548 1219 pa-

416 1236 581 1312 rum
616 1256 895 1314 certum
937 1256 1083 1330 est,
1112 1240 1471 1327 solamne,
1511 1263 1605 1308 an
1636 1235 1726 1327 ab
1765 1231 2110 1311 omnibus
2143 1232 2546 1330 Cisalpino-

416 1374 583 1420 rum
617 1350 997 1423 Gallorum
1037 1350 1329 1447 populis
1366 1330 2077 1461 adjutam(clusini‚
2122 1368 2319 1417 novo
2354 1333 2552 1415 bel'lo

418 1461 739 1530 exterriti
751 1515 771 1549 ‚
791 1484 1023 1557 quum
1045 1458 1591 1531 multitudinem
1603 1511 1623 1546 ‚
1641 1479 1870 1553 quum
1888 1452 2152 1551 formas
2170 1452 2551 1527 hominum

491 1646 540 1693 4.
570 1639 789 1687 Pennino
814 1638 986 1703 (parte
1008 1639 1235 1703 Alpium,
1261 1639 1322 1686 de
1346 1654 1441 1702 qua
1465 1643 1469 1647 ⁴

307 1690 322 1707 ⁶
421 1715 535 1764 vide
556 1717 670 1765 tufi».
690 1721 845 1775 ΧΠ,
869 1717 967 1782 38)
994 1718 1169 1765 deinde
1190 1717 1304 1766 Boii
1329 1719 1442 1765 Lin-

414 1811 662 1860 gonesque
683 1796 991 1862 transgressi,
1017 1809 1073 1845 ut
1092 1797 1258 1845 Rheno
1281 1810 1441 1846 tram-

415 1875 562 1939 gredi
569 1875 707 1941 apud
724 1877 881 1924 Tacit.
905 1877 1083 1924 Annal-
1101 1879 1205 1924 xn
1218 1910 1233 1937 ,
1255 1893 1340 1938 ²7·
1366 1879 1442 1924 De

421 1953 556 2001 Boiis
583 1954 697 2002 vide
721 1954 783 2002 ad
815 1971 861 2004 c.
894 1956 990 2014 34,
1013 1973 1063 2002 ιι.
1092 1972 1143 2017 9.
1170 1956 1443 2020 Lingonum

420 2033 607 2098 oppida
630 2036 809 2081 Forum
828 2033 954 2083 Livii
972 2033 1123 2098 (hod.
1140 2034 1331 2099 Furti),
1349 2037 1444 2082 Ra-

422 2129 602 2169 venna,
623 2113 858 2162 Faventia
883 2113 1034 2177 (hod.
1056 2113 1312 2179 Faenza),
1336 2116 1445 2163 Mu-

420 2192 557 2239 tilum
582 2190 729 2257 (hod.
756 2191 993 2257 Meduli),
1016 2193 1240 2250 Coesena,
1265 2196 1445 2241 Forum

421 2270 606 2318 Allieni
620 2271 766 2335 (bod.
787 2271 1053 2337 Fert-ara),
1080 2273 1263 2321 Solones
1277 2307 1293 2329 ,
1315 2284 1365 2321 et
1382 2273 1444 2321 al.

422 2349 661 2397 Caeterum
700 2365 805 2397 non
842 2351 967 2399 male
1001 2352 1134 2400 bunc
1171 2353 1339 2411 locum
1375 2353 1446 2411 ita

424 2425 616 2474 emend.
641 2429 746 2475 Jae.
774 2432 930 2477 Gron.
955 2451 984 2471 «ε
1003 2431 1088 2477 ubi
1108 2448 1237 2479 nune
1268 2432 1446 2480 Brixia

425 2516 475 2551 et
503 2508 696 2551 Verona-
726 2507 862 2553 urbes
895 2520 1036 2565 sunt,
1073 2509 1203 2556 locos
1234 2521 1444 2558 tenuere.

426 2583 570 2631 Libui
576 2582 803 2631 continue
813 2596 864 2631 et
862 2585 1075 2649 posthos
1081 2588 1269 2636 Salassi
1269 2605 1444 2653 prope,

424 2663 503 2710 vel
512 2674 701 2726 pra-ter
720 2662 804 2727 (h.
822 2664 1045 2729 e.juxta)
1059 2666 1317 2728 antiquam
1330 2683 1450 2731 gen-

424 2753 520 2790 tem
541 2744 709 2790 Loevos
727 2741 925 2807 Ligures
945 2741 1202 2789 incolentes
1225 2744 1350 2792 eier‘a
1376 2745 1448 2792 Ti-

424 2820 586 2869 cinum
618 2837 810 2868 amnem
842 2819 1062 2868 Pennino
1086 2839 1106 2869 .·
1139 2822 1314 2869 deinde
1340 2822 1455 2871 Boii

425 2902 758 2967 Lingonesque
775 2902 1085 2967 transgressi,
1107 2913 1204 2953 etc.
1222 2903 1354 2951 Laevi
1370 2902 1452 2951 Li-

424 2995 567 3043 gures
579 3016 594 3040 ,
613 2982 811 3045 antiqua
839 2981 894 3028 in
917 2981 1005 3029 illo
1033 2992 1192 3031 tractu
1213 2998 1356 3045 gens,
1380 2993 1454 3032 te.-

426 3073 575 3106 nuere
608 3060 775 3107 locum
806 3076 947 3108 suum
984 3061 1275 3125 pristinum;
1312 3074 1361 3110 et
1390 3061 1453 3109 ad

426 3134 603 3183 borum
639 3138 766 3186 latus
799 3155 969 3187 versus
1000 3140 1230 3189 Ticinum
1261 3157 1452 3189 amnem

427 3204 727 3263 demiserunt
756 3233 808 3264 se
834 3218 896 3265 ab
919 3218 1131 3281 Alpibus
1158 3221 1343 3279 Libici,
1366 3238 1452 3270 seu

427 3292 599 3357 libyi,
621 3294 920 3355 pertinentes
942 3312 1096 3358 usque
1117 3298 1181 3344 ad
1198 3300 1451 3359 Ticinum,

428 3387 579 3435 quum
605 3370 804 3437 alteram
835 3374 940 3431 ejus
966 3374 1122 3436 ripam
1142 3378 1455 3438 possiderent

428 3449 659 3498 Insubres
680 3448 880 3515 (confer
898 3466 1005 3515 cap.
1028 3453 1094 3508 34
1113 3454 1287 3520 exim),
1310 3467 1365 3504 ut
1382 3457 1454 3505 sic

427 3531 553 3578 eitra
582 3530 638 3577 id
669 3529 853 3576 flumen
882 3531 1163 3579 manserint.
1199 3535 1311 3581 Jam
1335 3551 1455 3583 vero

423 3610 565 3669 juxta
586 3610 760 3656 Laevos
784 3607 1106 3658 considenmt
1127 3626 1297 3659 versus
1314 3629 1455 3663 mou-

427 3699 539 3735 tana
554 3687 756 3752 Alpium
772 3686 949 3734 Salassi
959 3722 974 3745 ,
996 3688 1076 3735 vel
1090 3689 1286 3752 pigritia
1301 3704 1458 3741 trans-

429 3766 581 3815 eundi
605 3782 663 3814 ac
691 3765 1026 3830 procedendi,
1053 3778 1110 3814 ut
1134 3780 1306 3830 postea
1330 3772 1457 3820 fece-

429 3857 545 3894 runt
580 3845 693 3893 Boii
727 3844 1100 3908 Lingonesque,
1128 3847 1205 3894 vel
1230 3864 1336 3897 non
1359 3861 1458 3898 tam

428 3924 707 3980 numerosi,
739 3934 796 3971 ut
835 3923 970 3971 Laevi
1006 3924 1261 3990 Libicique
1303 3927 1459 3994 impe-

431 4005 622 4054 dientes
644 4004 758 4067 cogi
774 4002 837 4050 ab
855 4002 918 4050 iis
939 4005 1195 4068 potuerint
1211 4005 1275 4054 ad
1295 4022 1463 4069 eonce-

434 4083 649 4132 dendum
662 4081 938 4131 transitum.
952 4083 1164 4133 Salassos
1179 4085 1308 4135 enim
1323 4103 1469 4152 super

1528 1641 1700 1685 Laevos
1738 1650 1786 1687 et
1815 1638 2012 1689 Libicos
2046 1639 2290 1688 habitasse
2305 1675 2320 1699 ,
2347 1638 2555 1688 affirmat

1530 1728 1710 1780 praeter
1724 1718 1845 1766 alios
1865 1719 1971 1783 ipse
1992 1719 2158 1766 Livius
2176 1719 2267 1768 inf.
2285 1720 2414 1766 XXI
2425 1753 2439 1779 ,
2462 1720 2555 1779 383

1530 1812 1595 1845 ex
1617 1813 1716 1861 quo
1741 1797 1856 1846 loco
1883 1798 2030 1846 etiam
2053 1809 2213 1862 patet,
2233 1813 2408 1846 vocem
2429 1800 2556 1845 Pen-

1529 1875 1645 1922 nino
1653 1876 1833 1935 justius
1843 1876 1906 1923 ad
1915 1876 2337 1941 praecedd.,quam
2346 1876 2410 1923 ad
2419 1893 2555 1939 seqq.

1531 1955 1797 2018 componi;
1835 1970 1984 2018 quum
2021 1956 2283 2003 verisimile
2319 1971 2424 2002 non
2459 1955 2524 2002 sit
2542 1989 2558 2011 ,

1530 2044 1664 2083 tanta
1679 2034 1988 2085 aberratione
2005 2033 2154 2082 Boios
2172 2045 2372 2098 vagatos
2383 2033 2560 2093 fuisse,

1532 2124 1588 2161 ut
1612 2114 1821 2165 Penuini
1844 2113 2103 2163 transitum
2124 2113 2386 2177 petierint,
2408 2128 2560 2176 quum

1533 2193 1587 2237 in
1612 2203 1847 2258 promptu
1875 2203 2002 2242 esset
2032 2203 2165 2240 recta
2197 2208 2287 2256 per
2313 2191 2562 2239 Tridenti-

1534 2286 1652 2318 num
1683 2272 1855 2336 jugum
1887 2273 1965 2320 via
1986 2308 2000 2332 ,
2026 2288 2172 2336 quam
2206 2264 2382 2337 postea
2416 2271 2561 2320 etiam

1535 2353 1730 2414 sequuti
1752 2364 1867 2409 sunt
1888 2353 2100 2413 Cimbri,
2126 2365 2176 2409 et
2194 2368 2305 2416 que
2325 2363 2563 2416 protenus

1536 2446 1621 2478 eos
1647 2430 1854 2481 deduxit
1889 2434 1953 2481 ad
1982 2436 2216 2482 Etruscos
2248 2444 2298 2480 et
2333 2431 2563 2480 Umbros.

1535 2511 1692 2574 Igitur
1714 2513 1890 2559 Salassi
1914 2524 2019 2560 tum
2045 2529 2191 2577 supra
2212 2529 2265 2559 se
2286 2511 2566 2560 habuerunt

1535 2601 1753 2638 montem
1776 2591 2077 2649 Penninum,
2104 2602 2207 2638 tum
2225 2590 2351 2638 infra
2383 2606 2435 2638 se
2460 2594 2564 2639 1.ae-

1538 2682 1629 2715 vos
1651 2679 1700 2715 et
1726 2668 1943 2729 Libuos,
1969 2669 2105 2733 quod
2131 2686 2285 2725 unum
2301 2670 2351 2717 h.
2372 2670 2405 2717 l.
2436 2670 2563 2717 desi-

1539 2744 1698 2791 derari
1725 2756 1904 2808 potest.
1930 2747 2131 2795 Salluvii
2150 2763 2296 2807 vero,
2319 2734 2407 2795 seu¹
2432 2748 2566 2813 Salyi

1538 2822 1594 2868 in
1629 2822 1722 2872 bac
1763 2825 1965 2887 regione
2005 2841 2207 2889 prorsus
2252 2827 2440 2873 censeri
2478 2843 2563 2874 ne·

1541 2912 1729 2964 queunt
1743 2937 1759 2960 ,
1784 2913 1841 2950 ut
1871 2915 2003 2953 recte
2036 2905 2256 2961 ostend-it
2281 2905 2567 2963 Cluverius;

1543 2995 1694 3042 quum
1720 2991 1952 3045 appareat
1968 2983 2084 3039 satis
2111 3000 2173 3030 ex
2190 2981 2403 3047 Polybio
2421 2994 2471 3030 et
2495 2982 2571 3028 Li-

1542 3060 1653 3117 vio,
1671 3061 1869 3123 Laevos„
1892 3060 1972 3108 vel
1997 3060 2194 3110 Libicos
2221 3078 2412 3127 semper
2437 3078 2568 3109 man-

1541 3139 1662 3187 sisse
1674 3154 1833 3205 prope
1847 3152 1984 3189 ortus
1996 3141 2115 3189 Padi
2130 3142 2261 3190 sedis
2277 3158 2377 3190 suoe
2389 3142 2569 3206 prioris

1542 3230 1798 3283 potentes,
1809 3231 1868 3269 ut
1885 3219 2087 3271 Salluvii
2101 3221 2201 3271 dici
2212 3233 2459 3286 nequeant
2472 3225 2573 3269 1.ae-

1542 3313 1634 3345 vos
1654 3309 1703 3346 et
1728 3298 1930 3363 Ligures
1953 3300 2082 3347 circa
2098 3300 2325 3349 Ticinum
2343 3316 2461 3364 agro
2482 3317 2569 3365 pe-

1542 3377 1780 3439 pulisse.»

1615 3454 1663 3502 5.
1678 3456 1759 3502 Ab
1782 3458 1954 3507 Utente
1954 3456 2193 3524 flumine,
2211 3460 2495 3509 Ravennam
2507 3457 2570 3505 ab

1544 3544 1796 3595 septemtr.
1823 3536 2038 3584 alluente
2064 3536 2248 3602 (hodie
2274 3535 2540 3601 Montone)
2557 3572 2570 3595 ,

1546 3627 1696 3674 usque
1718 3614 1792 3660 ad
1806 3615 1963 3661 AEsim
1984 3614 2168 3661 flumen
2191 3612 2369 3678 (bodie
2392 3614 2567 3671 Esino,

1546 3705 1632 3735 seu
1661 3691 1911 3756 Gesano),
1932 3693 2019 3755 qui
2037 3693 2191 3739 AEsim
2212 3691 2386 3755 oppid.
2408 3690 2430 3756 (
2445 3693 2572 3758 Jesi)

1545 3768 1848 3830 praeterfluit,
1866 3781 1916 3817 et
1928 3771 2164 3818 Picenum
2183 3768 2369 3817 dirimit
2380 3771 2443 3818 ab
2454 3773 2573 3820 Um-

1547 3845 1680 3904 bria,
1714 3863 1805 3897 nec
1833 3848 1983 3912 longe
2017 3847 2080 3896 ab
2113 3849 2320 3899 Ancona
2349 3849 2405 3901 in
2438 3866 2570 3899 mare

1548 3924 1731 3975 influit.
1764 3925 1935 3992 Ufente
1962 3927 2161 3991 quidam
2193 3928 2392 3978 ferunt:
2428 3931 2568 3979 male.

1550 4003 1641 4053 En.
1656 4033 1726 4042 —
1739 4007 1809 4054 Id
1818 4023 2002 4072 parum
2027 4019 2209 4055 eertum
2231 4020 2326 4064 ese,
2354 4009 2573 4057 solamne

1559 4103 1624 4135 an
1642 4121 1653 4133 .
1668 4121 1680 4135 .
1696 4121 1708 4134 .
1737 4086 1961 4150 adjutam
1980 4105 1999 4143 ,·
2023 4085 2174 4137 immo
2199 4087 2370 4137 solane
2390 4105 2456 4136 an
2483 4087 2573 4134 adu
