3000 4717
442 315 491 351 A.
519 310 566 350 C.
596 309 686 348 338.

446 373 683 418 acm.
817 329 1130 398 LIBER
1179 331 1406 399 VIII.
1464 334 1677 401 CAP.
1736 337 1836 403 II.
1890 338 2027 403 III.
2352 337 2482 420 431

390 463 678 530 romani
707 472 968 542 essent,
996 478 1140 551 pro
1177 461 1474 552 imperio
1498 471 1822 525 arcerent
1837 459 2126 526 samniti
2141 479 2358 550 agro;
2385 463 2497 529 sin

391 572 768 664 imperium
803 565 1233 650 abnuerent,
1266 570 1486 635 armis
1513 582 1929 638 coercerent.
1966 564 2321 638 Adversus
2351 567 2500 639 haec

390 701 817 776 responsum
854 700 1120 771 anceps
1152 674 1437 765 datum,
1477 677 1650 771 quia
1676 673 1883 746 fateri
1918 675 2239 773 pigebat,
2266 679 2344 748 in
2378 702 2503 776 po-

390 800 645 859 testate
684 810 811 857 sua
852 787 1141 872 Latinos
1182 785 1326 879 jam
1371 810 1522 855 non
1566 809 1720 857 esse
1737 789 1791 875 ⁴,
1829 785 2360 883 timebantque,
2403 813 2499 859 ne

391 895 757 994 arguendo
776 895 1261 967 abalienarent
1291 923 1306 966 ε
1343 897 1884 993 Campanorum
1911 895 2140 967 allam
2158 896 2502 968 conditio-

390 1032 555 1077 nem
602 1032 751 1077 esse
764 1060 785 1092 ,
840 1013 972 1104 qui
1010 1031 1155 1076 non
1178 1005 1466 1097 foedere
1483 1061 1506 1092 ‚
1563 1006 1699 1077 sed
1716 1031 1864 1103 per
1901 1006 2330 1078 deditionem
2353 1060 2373 1091 ‚
2427 1012 2500 1076 in

367 1116 609 1211 fidem
650 1123 1050 1189 venissent.-
1099 1123 1343 1214 itaque
1390 1122 1837 1212 Campanos,
1890 1141 2018 1186 seu
2063 1115 2329 1201 velint,
2372 1140 2500 1186 seu

389 1226 622 1298 nolint
644 1279 666 1313 ‚
722 1234 1103 1324 quieturos,
1169 1234 1264 1298 In·
1280 1226 1578 1318 foedere
1628 1224 1847 1298 latino
1895 1224 2082 1295 nihil
2122 1250 2266 1296 esse
2282 1278 2304 1311 ‚
2358 1250 2500 1323 quo

391 1334 694 1424 bellare,
736 1363 900 1409 cum
939 1338 1195 1435 quibus
1234 1343 1374 1434 ipsi
1412 1335 1665 1421 velint,
1697 1334 2246 1432 prohibeantur.

487 1450 611 1515 ΠΙ.
655 1447 872 1536 Quod
906 1471 1332 1544 responsum
1365 1448 1548 1517 sicut
1576 1444 1837 1515 dubios
1865 1446 2247 1530 Samnites,
2288 1445 2501 1541 quid-

393 1580 559 1625 nam
579 1554 936 1629 facturum
956 1564 1365 1628 Romanum
1392 1569 1772 1627 censerent
1789 1608 1808 1643 ,
1845 1553 2140 1643 dimisit,
2173 1556 2272 1625 ita
2299 1560 2501 1627 Cam-

393 1687 622 1759 panos
648 1681 847 1762 metu
876 1665 1336 1754 abalienavit3
1371 1666 1697 1753 Latinos,
1726 1665 1927 1736 velut
1960 1663 2141 1734 nihil
2168 1664 2316 1759 jam
2350 1690 2503 1736 non

394 1773 959 1845 concedentibus
994 1776 1364 1861 Romanis,
1400 1765 1785 1845 ferociores
1819 1772 2007 1844 fecit.
2045 1780 2337 1871 Itaque,
2375 1799 2507 1871 per

392 1884 703 1979 speciem
740 1885 1073 1957 adversus
1109 1887 1462 1958 Samnites
1498 1884 1671 1955 belli
1703 1882 2004 1982 parandi
2040 1884 2292 1956 crebra
2327 1909 2505 1954 con-

394 1993 551 2063 cilia
606 1995 1005 2067 indicentes
1027 2051 1046 2083 ‚
1093 1994 1435 2067 omnibus
1491 1995 2139 2067 consultationibus
2185 1998 2377 2067 inter
2429 2021 2504 2068 se

393 2106 756 2202 principes
785 2107 1068 2178 occulte
1093 2131 1477 2177 romanum
1506 2105 1919 2203 coquebant
1946 2106 2219 2179 bellum
2240 2118 2291 2177 ¹.
2325 2109 2507 2179 Huic

392 2237 690 2312 quoque
722 2215 1060 2289 adversus
1091 2231 1491 2288 servatores
1518 2240 1688 2287 suos
1715 2216 1912 2287 bello
1943 2221 2351 2314 Campanus
2382 2217 2508 2288 ad-

394 2340 559 2395 erat.
602 2327 740 2398 Sed
778 2351 1195 2425 quanquam
1243 2329 1489 2397 omnia
1534 2327 1623 2397 de
1667 2326 2019 2397 industria
2060 2326 2507 2416 celabantur,

393 2435 771 2530 priusque,
813 2461 1032 2533 quam
1076 2451 1547 2507 moverentur
1592 2439 1938 2525 Romani,
1979 2437 2137 2508 tolli
2171 2436 2262 2507 ab
2304 2451 2507 2534 tergo

393 2544 784 2613 Samnitem
815 2544 1096 2616 hostem
1124 2546 1503 2633 volebant3
1535 2564 1774 2619 tamen
1804 2573 1936 2646 per
1958 2550 2341 2645 quosdam,
2367 2553 2509 2649 pri-

387 2653 568 2721 vatis
589 2651 917 2748 hospitiis
937 2653 1739 2750 necessitudinibusque
1765 2658 2224 2752 conjunctOS,
2247 2661 2509 2733 indicia

326 2764 331 2769 ’
392 2762 904 2856 conjurationis
937 2762 1425 2857 ejusRomam
1462 2779 1908 2835 emanarunt.
1948 2770 2312 2862 Iussisque
2343 2786 2510 2845 ante

392 2886 678 2970 tempus
710 2870 1127 2943 consulibus
1162 2869 1494 2941 abdicare
1532 2896 1606 2942 se
1637 2874 2056 2969 magistratu
2076 2885 2133 2963 ²,
2170 2899 2319 2971 quo
2352 2901 2506 2949 ma·-

462 3037 581 3105 4311:
590 3061 834 3114 potestate
848 3066 938 3097 sua
957 3048 1158 3112 Latinos
1164 3049 1278 3114 jam
1298 3062 1397 3093 non
1461 3059 1472 3071 ·
1483 3046 1538 3092 in
1550 3045 1636 3094 mo
1654 3062 1858 3109 coquere
1878 3048 2160 3110 patavinum
2176 3050 2432 3112 quiddam,
2457 3063 2505 3100 et

390 3144 512 3184 esse,
552 3129 667 3177 vide
694 3129 757 3176 ad
777 3133 858 3188 ΙΙ,
887 3129 982 3186 56,
1021 3145 1070 3175 n.
1106 3130 1183 3176 16.
1207 3154 1277 3164 —-
1301 3128 1398 3173 Ar-

384 3207 604 3269 guendo,
663 3208 716 3255 id
774 3206 1092 3271 significando
1105 3243 1119 3267 ‚
1172 3205 1398 3254 dicendo.

391 3283 734 3332 ConferXXX
745 3319 759 3342 ‚
773 3302 801 3332 2
811 3287 837 3332 3
851 3303 864 3344 ;
880 3297 928 3332 et
936 3283 1179 3343 XXXIV,
1192 3285 1336 3343 62‚n.
1350 3291 1397 3339 4.

460 3363 581 3411 Cu.
611 3365 705 3410 111.
744 3380 788 3409 1.
830 3364 1098 3410 Romanum
1130 3362 1403 3425 coquebant

391 3444 595 3498 bellum,
614 3442 730 3489 vide
747 3442 808 3489 ad
822 3443 924 3498 111,
947 3442 1037 3499 36,
1059 3458 1108 3487 n.
1131 3443 1177 3488 3.
1197 3467 1265 3476 —-—
1283 3441 1400 3488 Non

391 3522 678 3571 assentimur
687 3518 910 3567 Emestio
923 3519 975 3566 in
985 3519 1143 3566 Gloss.
1156 3518 1260 3565 Liv.
1274 3534 1404 3565 com-

390 3601 581 3667 paranti
629 3599 953 3663 Polybianum
1010 3596 1132 3644 illud
1183 3598 1400 3664 συγχίιιν

390 3679 628 3747 πσλὲμονς
669 3677 724 3725 id
762 3677 924 3724 verius
966 3687 1039 3722 est
1076 3674 1398 3740 confundere,

391 3760 585 3806 miscere
624 3756 797 3804 bellum
842 3755 861 3820 (
879 3753 1171 3821 confiandere
1204 3751 1400 3817 proele'a.

391 3842 511 3888 Hor.
523 3836 618 3884 od.
630 3839 654 3882 1
667 3870 682 3894 ‚
707 3853 725 3882 ι
738 3850 787 3895 7,
799 3836 862 3881 23
874 3832 919 3898 ):
936 3832 1130 3879 miscere
1145 3831 1401 3889 tumultus,

391 3915 657 3974 Liv.v111,
685 3916 767 3963 32.
785 3914 892 3961 Nec
910 3911 1093 3969 simile,
1114 3910 1201 3957 sed
1226 3910 1287 3957 ab
1312 3909 1403 3956 alia

392 4012 443 4047 re
456 3975 739 4043 translatum
756 4002 830 4041 est
849 3990 1064 4058 conflare
1082 3988 1254 4036 bellum
1270 3987 1404 4051 quod

396 4084 643 4138 comparat
669 4070 1004 4120 Schneiderus»
1032 4069 1083 4117 si
1110 4068 1219 4132 quis
1246 4077 1403 4120 autem

1485 3120 1751 3172 abhorrens
1769 3125 1831 3172 ab
1849 3126 2122 3175 urbanitate
2141 3143 2341 3178 romana
2358 3146 2505 3195 agno-

1485 3214 1613 3262 scat,
1655 3204 1698 3250 is
1734 3205 2036 3263 meminerit,
2077 3223 2201 3254 voce
2234 3225 2261 3255 e
2289 3210 2393 3257 Liv.
2421 3210 2505 3258 ad·

1486 3293 1708 3346 sumpta,
1735 3283 1906 3330 crebro
1935 3284 2006 3331 uti
2034 3285 2118 3332 Sil.
2146 3287 2301 3335 Italic.
2330 3287 2504 3356 (vm,

1487 3361 1617 3420 4033
1644 3361 1721 3420 X,
1749 3369 1878 3425 4293
1905 3363 2058 3421 XVI,
2085 3362 2144 3428 3)
2169 3380 2223 3411 ea
2244 3376 2383 3413 aetate
2410 3384 2506 3429 qna

1487 3438 1695 3503 plurima
1715 3452 1876 3489 essent
1893 3442 2013 3488 etin
2025 3441 2130 3489 Liv.
2147 3454 2196 3490 et
2209 3443 2262 3489 in
2274 3443 2377 3491 Cic.
2397 3461 2504 3507 quae

1490 3517 1744 3566 sorderent
1785 3519 1982 3567 auribus
2013 3520 2209 3568 illorum
2235 3521 2505 3571 hominum.

1490 3597 1613 3657 Quae
1639 3598 1911 3644 communis
1937 3615 2042 3646 sors
2065 3611 2139 3648 est
2159 3602 2399 3659 omnium,
2422 3602 2508 3664 qui

1492 3675 1761 3721 vernaculis
1774 3676 1953 3739 linguis
1963 3677 2504 3727 utuntur.VideWalch.

1490 3766 1600 3814 pag.
1627 3760 1745 3807 244·
1772 3755 1863 3801 En.
2246 3753 2251 3760 ’

1563 3844 1610 3876 2.
1633 3830 1877 3893 Iussisque
1900 3843 2015 3877 ante
2041 3843 2220 3897 tempus
2239 3833 2507 3885 consulibus

1490 3906 1723 3955 abdicare
1736 3923 1789 3954 se
1801 3908 2087 3973 magistratu
2097 3945 2113 3966 ,
2131 3927 2227 3974 quo
2240 3914 2500 3973 maturius,

1490 3998 1586 4035 ete.
1613 4002 1756 4034 causa
1781 3986 1969 4048 adiecta
1984 4003 2086 4036 non
2104 3991 2218 4038 satis
2236 3991 2350 4041 facit
2364 4008 2378 4042 τ
2392 3994 2507 4042 lieet

1493 4066 1623 4114 enim
1659 4068 1895 4116 maturius
1946 4068 2168 4116 consules
2208 4083 2507 4129 crearentur,
