3000 4717
2310 350 2359 389 A.
2385 349 2433 390 C.
2462 352 2551 404 39²·

491 398 619 469 172
1334 377 1410 442 T.
1476 346 1752 444 mm
2301 411 2428 452 uc.
2460 415 2552 453 2⁶0.

482 496 785 567 ditorem
841 499 1051 566 Veios
1093 510 1522 591 sequantur,
1588 493 1830 566 relicto
1891 490 2030 562 deo
2077 481 2390 565 Romulo
2407 546 2429 579 ,
2489 493 2612 564 dei

457 605 633 699 filio
656 661 674 695 ,
697 622 1012 704 parente
1038 619 1111 676 et
1134 622 1424 677 auctore
1456 605 1650 676 urbis
1682 611 1959 675 Romae.

577 720 795 787 XXV.
818 722 981 787 Haec
1000 740 1227 812 quum
1245 714 1456 787 foedis
1471 712 1987 787 certaminibus
2006 726 2390 809 agerentur
2407 712 2606 836 (nam

481 841 759 923 partem
785 826 1249 898 tribunorum
1283 825 1515 925 plebis
1549 825 1843 897 Patres
1825 850 1903 895 1n
1936 848 2136 894 suam
2173 823 2607 895 sententiam

480 944 922 1030 traxerant),
953 937 1152 1008 nulla
1177 962 1292 1008 res
1327 936 1462 1007 alia
1495 934 1831 1007 manibus
1859 946 2292 1032 temperare¹
2318 932 2609 1030 plebem

479 1047 782 1146 cogebat
801 1103 819 1137 ,
876 1073 1095 1146 quam
1133 1047 1371 1146 quod,
1429 1046 1559 1117 ubi
1602 1047 1774 1116 rixae
1821 1042 2350 1118 committendae
2397 1067 2610 1113 causa

481 1158 752 1229 clamor
792 1156 993 1229 ortus
1036 1173 1260 1247 esset,
1317 1158 1683 1256 principes
1735 1169 2055 1247 senatuS,
2115 1155 2330 1251 primi
2376 1150 2605 1223 turbae

478 1267 867 1341 offerentes
905 1295 979 1342 se
1000 1326 1018 1360 ,
1054 1271 1236 1369 peti,
1275 1267 1499 1350 feriri,
1541 1270 1761 1362 atque
1796 1265 2026 1336 occidi
2057 1264 2413 1359 jubebant
2451 1291 2466 1333 ε
2514 1262 2605 1335 ab

479 1376 746 1450 horum
786 1380 1112 1453 aetatibus
1150 1377 1785 1478 dignitatibusque.
1804 1391 1876 1447 et
1904 1374 2307 1447 honoribus
2342 1376 2625 1461 violam-5

481 1489 590 1562 dis
620 1490 797 1561 dum
829 1491 1354 1579 abstinebatur,
1407 1504 1478 1561 et
1516 1488 1607 1559 ad
1644 1489 1966 1586 reliquos
2009 1488 2270 1559 similes
2305 1500 2607 1558 conatus

478 1599 912 1671 verecundia
935 1601 1055 1669 iroe
1082 1598 1446 1688 obstabat,
1478 1599 1818 1670 Camillus
1854 1597 2251 1670 identidem
2273 1594 2609 1667 omnibus

478 1707 655 1787 locis
725 1706 1292 1779 concionabatur
1332 1737 1348 1778 t
1399 1709 1611 1779 haud
1658 1715 1916 1780 mirum
1963 1709 2045 1778 id
2082 1708 2372 1804 quidem
2417 1732 2605 1793 esse,

460 1817 720 1906 ficrere
740 1823 1122 1909 civitatem,
1156 1842 1327 1915 qaoe
1339 1871 1361 1904 ,
1395 1818 1749 1889 damnata
1771 1824 1928 1888 voti
1940 1828 1992 1903 ²,
2027 1823 2353 1889 omnium
2376 1840 2611 1886 rerum

463 1934 828 2026 potiorem
871 1955 1121 2001 curam
1137 1985 1156 2016 ,
1210 1955 1434 2028 quam
1474 1928 1819 2024 religione
1853 1953 1929 1998 se
1971 1927 2424 2013 exsolvendi,
2471 1928 2611 1996 ha-

487 2041 670 2111 beat.
700 2041 912 2115 Nihil
942 2040 1456 2114 decollatione
1495 2038 1730 2108 dicere
1740 2034 1796 2123 3,
1834 2044 2032 2135 stipis
2069 2043 2343 2123 verius,
2381 2062 2611 2132 qaam

484 2152 810 2223 decumae
821 2180 848 2239 ,·
885 2152 1184 2249 quando
1226 2176 1315 2221 ea
1351 2175 1426 2220 se
1461 2153 1761 2245 quisque
1784 2153 2120 2244 privatim
2154 2146 2610 2242 obligaverit,

483 2261 825 2333 liberatus
848 2268 941 2332 sit
951 2259 1300 2360 populus.
1338 2262 1749 2344 Enimvero,
1788 2255 1977 2327 illud
1997 2280 2070 2327 se
2096 2270 2360 2342 tacere,
2394 2280 2615 2326 suam

481 2473 663 2521 Confer
689 2474 739 2518 II
755 2506 769 2530 ‚
807 2486 828 2517 1
847 2505 861 2530 ‚
898 2487 948 2518 n.
979 2487 1007 2517 2
1027 2488 1041 2530 ;
1066 2472 1167 2518 VII
1181 2505 1195 2528 ,
1226 2471 1315 2528 30;
1342 2471 1495 2527 VIII,
1583 2468 1710 2534 peti,
1728 2469 1807 2516 vel
1822 2485 1849 2515 3
1868 2468 2202 2518 sacerdotibus
2218 2467 2611 2517 mendicantibus

484 2553 575 2610 343
599 2551 879 2607 XXXVII,
906 2550 1008 2612 543
1037 2549 1100 2597 ad
1127 2550 1211 2598 sil.
1241 2553 1293 2609 Ι,
1320 2551 1412 2608 283
1434 2549 1498 2595 ad
1583 2564 1677 2612 pro
1716 2548 1810 2596 diis
1836 2548 2002 2612 colligi
2037 2560 2086 2597 et
2125 2549 2371 2623 cor-rogari
2414 2545 2614 2612 (confer

479 2633 594 2679 Tac.
622 2631 753 2676 Ann.
787 2630 877 2687 IV,
910 2628 1001 2688 56,
1033 2645 1083 2676 n.
1118 2644 1176 2688 13
1206 2630 1398 2676 etEt-n.
1436 2627 1499 2675 ad

482 2712 614 2758 Suet.
639 2710 766 2772 Aug.
792 2709 876 2770 98.

377 2841 383 2848 ,
550 2789 672 2837 CAr.
695 2789 862 2836 XXV.
889 2803 931 2836 1.
958 2787 1186 2835 Manibus
1201 2799 1498 2851 temperare,

482 2869 597 2918 vide
622 2867 686 2915 ad
706 2869 785 2925 11,
822 2867 915 2925 23,
947 2885 996 2914 n.
1024 2868 1074 2915 8.
1099 2895 1168 2917 -,-
1195 2867 1328 2924 Peti,
1353 2864 1507 2931 feriri

481 2961 631 3014 atque
657 2946 837 3003 occidi,
864 2945 1052 2995 scilicet
1079 2963 1146 2994 se.

553 3044 601 3075 2.
629 3030 883 3073 Damnata
910 3025 1021 3073 voci
1052 3025 1137 3088 (ut
1158 3036 1303 3080 voco,
1342 3034 1390 3070 et
1417 3039 1504 3070 rea

484 3106 591 3154 voti
619 3105 750 3169 apud
770 3104 909 3167 Virg.
937 3104 1109 3161 Ecl.V,
1131 3105 1194 3150 80
1216 3117 1229 3150 :
1256 3112 1305 3149 et
1325 3103 1504 3160 AEn.V,

485 3188 583 3244 237
597 3184 615 3250 )
627 3219 641 3243 ‚
660 3199 864 3248 compos
884 3184 1009 3231 facta
1027 3183 1132 3229 voti
1145 3215 1160 3240 ,
1183 3181 1260 3229 vel
1280 3182 1387 3241 eJ‘us
1406 3180 1504 3237 rei,

484 3279 630 3328 quam
654 3263 899 3327 optaverit
929 3272 977 3309 et
1010 3277 1037 3307 3
1073 3260 1167 3306 diis
1181 3270 1393 3322 ,precata
1414 3259 1501 3317 sit,

481 3343 718 3406 simulque
732 3341 850 3388 hinc
863 3340 1077 3403 obligata
1089 3338 1152 3386 ad
1161 3349 1332 3385 votum
1343 3372 1357 3397 ,
1369 3337 1505 3401 quod

484 3426 586 3485 ejus
607 3422 678 3469 rei
701 3436 843 3468 causa
868 3418 1038 3467 fecerit
1057 3428 1106 3465 et
1123 3416 1321 3473 debeat,
1345 3419 1424 3465 vel
1441 3417 1506 3465 ad

481 3502 776 3569 promissum
797 3497 1004 3556 diis,vel
1026 3497 1119 3544 deo
1141 3495 1505 3544 solvendum.—

484 3581 731 3648 Religione
753 3594 804 3627 se
842 3576 1150 3633 exsolvendi,
1194 3575 1309 3624 vide
1342 3576 1405 3623 ad
1428 3577 1520 3634 11,

395 3671 399 3676 '
490 3662 551 3709 32
571 3695 586 3720 ‚
613 3678 663 3708 n.
693 3661 739 3708 3.

556 3742 583 3787 3
594 3775 605 3787 .
621 3739 762 3786 Nihil
770 3738 833 3784 de
845 3734 1105 3783 collacione
1118 3734 1276 3782 dicere
1285 3769 1301 3791 ,
1319 3733 1505 3781 scilicet

484 3835 561 3877 se,
585 3819 664 3865 vel
685 3834 737 3864 se
764 3817 924 3864 dicere
945 3813 1070 3862 velle
1086 3848 1100 3872 ,
1136 3829 1244 3876 quae
1266 3813 1429 3860 verius
1455 3823 1504 3859 et

482 3897 650 3962 potius
669 3896 892 3952 habenda
921 3893 983 3941 sit
1008 3908 1103 3958 pro
1128 3893 1392 3940 collatione
1416 3893 1503 3938 vo'·

483 3974 692 4021 luntaria
716 3990 771 4020 33
793 3973 956 4031 tenui,
977 3988 1123 4035 quam
1140 3972 1356 4035 legitima
1370 4004 1384 4027 ‚
1407 3986 1501 4034 pro

484 4050 743 4100 collatione
760 4050 894 4111 stipis
906 4084 923 4105 ,
946 4050 1133 4111 exiguae
1151 4049 1374 4111 pecuniae
1387 4082 1401 4106 ‚
1425 4048 1504 4096 vel

484 4126 843 4178 nummulorum
859 4158 873 4185 ,
897 4125 1060 4188 quales
1074 4158 1089 4183 ,
1109 4126 1187 4172 vel
1214 4142 1242 4173 3
1267 4126 1504 4174 mendicis

1589 2628 1826 2676 Gron.-de
1844 2645 1952 2694 pec.
1974 2639 2070 2676 vet.
2092 2629 2181 2689 IV,
2207 2645 2227 2675 1
2242 2645 2262 2675 1
2288 2640 2411 2677 extr.
2433 2627 2520 2674 ubi
2541 2642 2612 2672 sa-

1590 2708 1812 2757 cerdotes
1846 2709 1982 2774 ipsos
2007 2708 2158 2773 stipes
2186 2708 2280 2755 diis
2313 2708 2448 2755 datas
2475 2721 2612 2752 acce-

1590 2788 1721 2852 pisse
1740 2800 1788 2836 et
1807 2788 1936 2837 inter
1959 2805 2010 2835 se
2036 2787 2242 2851 partitos
2261 2783 2509 2850 putabat),
2529 2794 2612 2831 aut

1592 2879 1723 2915 certe
1743 2867 1846 2914 dari
1863 2868 1918 2913 in
1935 2866 2138 2913 deorum
2154 2864 2393 2912 honorem
2407 2862 2614 2909 ludosve
2694 2910 2701 2917 ,

1590 2946 1840 2993 faciendos
1856 2979 1871 3004 ,
1898 2945 2085 2992 soleant
2117 2942 2319 3008 (confer
2339 2940 2508 2996 XXV,
2550 2955 2609 2986 12

1593 3035 1714 3073 extr.
1733 3024 1797 3070 ad
1810 3025 1926 3071 Tac.
1942 3022 2224 3079 AnnJuV,
2251 3036 2272 3066 1
2284 3020 2312 3066 5
2323 3053 2338 3077 ,
2356 3035 2407 3066 ης
2428 3033 2452 3077 7
2472 3033 2487 3076 ;
2506 3017 2612 3067 Cic.

1592 3105 1706 3165 Leg-
1728 3105 1778 3149 11
1795 3137 1809 3160 ,
1831 3117 1887 3163 9,
1913 3102 2004 3159 163
2027 3100 2152 3147 Plin.
2171 3100 2431 3155 XXXIII,
2454 3111 2613 3157 9,seu

1595 3182 1687 3238 483
1708 3191 1756 3227 31
1774 3182 1951 3244 Cuper.
1969 3178 2114 3227 Obss.
2130 3180 2231 3237 111,
2252 3175 2311 3242 4)
2327 3212 2342 3237 ,
2365 3193 2514 3240 quam
2533 3176 2611 3222 de-

1593 3276 1746 3307 cumoe
1756 3277 1776 3317 ;
1794 3257 1991 3322 quando
2003 3292 2019 3314 ‚
2037 3257 2270 3320 quoniam
2282 3291 2296 3314 ,
2308 3254 2612 3321 quandoqui-

1595 3340 1705 3386 dem
1746 3338 1826 3403 (ut
1844 3337 1970 3384 infra
1988 3354 2094 3401 cap.
2121 3353 2183 3397 27
2205 3370 2219 3395 ‚
2240 3353 2291 3384 n.
2319 3337 2480 3395 331,
2512 3341 2574 3388 14
2594 3367 2611 3392 ,

1593 3435 1644 3466 n.
1666 3417 2031 3478 6;xxxV11,
2061 3416 2150 3476 57;
2182 3418 2307 3476 xL,
2347 3432 2380 3478 9
2412 3406 2485 3479 pr.
2523 3412 2612 3460 ubi

1593 3498 1708 3544 vide
1737 3495 1887 3544 Drak.
1920 3506 1967 3544 et
1993 3496 2287 3560 quandoque
2299 3497 2447 3553 VIII,
2475 3510 2499 3553 7
2515 3528 2530 3551 ,
2559 3508 2610 3538 n.

1598 3577 1790 3636 531x‚
1825 3591 1912 3634 10,
1939 3590 1989 3623 n.
2014 3575 2076 3634 63
2102 3586 2150 3623 31
2181 3574 2314 3640 apud
2334 3576 2448 3621 Tac.
2476 3572 2610 3618 Ann-

1594 3659 1619 3703 1
1632 3690 1646 3715 ,
1666 3656 1728 3715 57
1747 3690 1762 3715 ,
1780 3673 1830 3705 n.
1852 3671 1873 3703 1
1893 3672 1907 3715 ;
1927 3655 2015 3703 ubi
2032 3655 2145 3702 vide
2163 3650 2324 3720 not.),
2348 3669 2408 3700 ea
2420 3667 2472 3699 se
2483 3651 2611 3715 quis-

1595 3751 1689 3799 que
1698 3734 1929 3798 privatim
1943 3733 2247 3799 obligaverit,
2266 3734 2366 3793 ejus
2380 3741 2613 3795 praestan·

1594 3814 1668 3861 dae
1714 3814 2064 3877 obligationem
2102 3812 2308 3877 quisque
2348 3809 2613 3874 susceperit

1591 3893 1723 3956 ipse,
1751 3904 1799 3939 et
1825 3892 2005 3955 singuli
2026 3891 2157 3939 cives
2182 3892 2249 3938 ita
2264 3925 2279 3949 ‚
2308 3891 2350 3937 si
2377 3889 2611 3937 decimam

1591 3972 1832 4019 retineant
1855 3981 2020 4018 votam
2036 4005 2050 4031 ‚
2068 3970 2378 4034 praedamque
2408 3981 2511 4012 non
2548 3979 2611 4010 ex

1591 4048 1690 4096 fide
1715 4060 1763 4096 et
1782 4049 2018 4111 religione
2033 4049 2272 4096 aestiment
2285 4079 2299 4102 ‚
2324 4043 2610 4108 Apollinem

1592 4125 1816 4174 fraudent
1837 4124 2034 4189 (confer
2056 4140 2162 4190 cap.
2191 4125 2257 4171 23
2281 4120 2456 4187 extr.);
2496 4122 2609 4169 libe-
