3000 4717
468 320 604 393 368

1321 320 1397 385 Τ.
1463 315 1739 386 LIVII

2307 297 2357 335 A,
2377 295 2425 333 e.
2453 297 2546 342 354.

2299 355 2354 395 υ.
2369 356 2418 395 c..
2447 359 2542 409 39⁸·

465 453 871 526 moverent,
901 441 977 510 in
1006 437 1448 510 deditionem
1481 435 1744 507 urbem
1778 432 2284 532 acceperunt-³.
2319 438 2601 507 Trium·

466 553 658 652 phus
694 549 784 622 de
822 546 1352 621 Privernatibus
1392 561 1615 618 actus.
1666 544 1776 617 Ab
1811 545 2034 616 altero
2080 547 2376 618 consule
2414 546 2601 616 ‘nihil

468 659 935 733 memorabile
972 673 1293 758 gestum3
1341 658 1477 728 nisi
1529 654 1730 754 quod
1772 656 2000 754 legem
2032 680 2225 727 novo
2258 656 2605 762 exemplo

469 770 559 843 ad
595 772 916 841 Sutrium
954 772 1030 840 in
1077 769 1322 839 castris
1362 766 1692 838 tributim
1716 769 1745 816 ⁴
1789 764 1881 837 de
1931 767 2263 838 vicesima
2302 792 2554 837 eorum
2574 819 2595 852 ,

467 885 594 980 qui
623 883 1331 965 manumitterentur,
1362 879 1550 949 tulit.
1582 883 1823 950 Patres
1846 933 1864 965 ,
1902 879 2069 975 quia
2099 903 2181 949 ea
2213 878 2372 975 lege
2397 871 2598 948 baud

469 1014 770 1089 parvum
811 990 1114 1088 vectigal
1152 989 1350 1086 inopi
1379 989 1628 1059 aerario
1662 986 1986 1057 additum
2012 1001 2198 1059 esset
2215 1042 2236 1073 ‚
2265 1001 2598 1058 auctores

470 1098 786 1172 fuerunt.
832 1103 1171 1171 Ceterum
1193 1097 1479 1169 'tribuni
1508 1096 1765 1195 plebia,
1795 1120 1948 1168 non
1974 1111 2116 1168 tam
2148 1098 2338 1194 lege,
2374 1120 2597 1193 quam

367 1263 372 1270 ·
473 1211 847 1309 exemplo,
888 1210 1105 1295 moti,
1146 1233 1238 1280 ne
1276 1209 1439 1306 quis
1477 1222 1727 1307 postea
1764 1202 2168 1305 populum⁵
2188 1220 2595 1293 sevocaret,

472 1322 701 1419 capite
735 1334 1166 1407 sanxerunt3
1207 1317 1388 1389 nihil
1424 1319 1620 1389 enim
1657 1341 1808 1388 non
1845 1342 1975 1415 per
1995 1316 2310 1406 milites,
2319 1315 2600 1409 juratos

471 1433 548 1499 in
584 1428 901 1500 consulis
927 1428 1148 1500 verba
1170 1483 1189 1516 ‚
1229 1430 1558 1525 quamvis
1585 1427 2069 1526 perniciosum
2099 1424 2407 1523 populu,
2435 1427 2493 1495 si
2518 1423 2600 1494 id

542 1622 589 1667 3.
605 1622 664 1667 In
682 1618 974 1666 deditionem
994 1619 1156 1666 urbem
1173 1628 1485 1682 acceperunt,

470 1700 584 1747 vide
609 1698 672 1745 ad
689 1699 838 1755 VIII,
863 1713 958 1754 πο,
983 1713 1033 1744 ιι.
1060 1711 1108 1757 ⁶7.

544 1785 590 1834 4.
606 1780 780 1841 Legem
796 1792 919 1823 novo
933 1775 1153 1840 exemplo
1168 1775 1261 1824 Cn.
1275 1774 1489 1822 Manlius

472 1872 572 1904 cos.
611 1855 685 1903 ad
717 1855 929 1902 Sutrium
964 1854 1013 1901 in
1039 1853 1211 1901 castris
1246 1853 1483 1910 tributim,

470 1934 708 1983 militibus
741 1933 796 1980 in
824 1931 981 1981 tribus
1006 1948 1116 1980 suas
1142 1931 1221 1979 vel
1246 1932 1488 1979 centuri„

471 2014 640 2062 divisis
661 2011 805 2078 (vide
826 2011 890 2060 ad
914 2007 1021 2072 111,
1049 2011 1139 2070 51,
1167 2026 1217 2057 ιι.
1241 2008 1330 2074 3),
1357 2010 1491 2058 utin

468 2093 682 2140 comitiis
693 2127 707 2151 ,
726 2092 787 2139 de
798 2089 1033 2139 vicesima
1047 2104 1212 2137 corum
1227 2088 1313 2152 qui
1323 2104 1493 2136 manu-

469 2171 771 2242 mitteremur
794 2168 873 2217 vel
898 2166 1325 2215 manumissionum
1348 2167 1487 2223 tulit,

469 2250 566 2298 hoc
593 2261 691 2308 est,
716 2259 773 2296 ut
800 2247 1031 2294 vicesima
1058 2261 1171 2311 pars
1196 2244 1369 2309 pretii,
1390 2260 1491 2308 quo

469 2328 617 2376 vendi
643 2337 810 2390 posset
836 2341 1030 2383 servus,
1061 2324 1147 2387 qui
1174 2323 1363 2387 optimo
1381 2323 1493 2382 jure

469 2423 495 2452 a
520 2405 626 2469 cive
650 2415 800 2450 mauu·
819 2401 1052 2458 mittitur,
1075 2399 1154 2446 vel
1181 2416 1279 2463 quo
1302 2412 1493 2464 emptus

472 2494 597 2531 esset
627 2479 771 2545 (nam
807 2490 1034 2527 neutrum
1068 2477 1310 2536 dilucide,
1355 2478 1493 2541 quod

473 2562 621 2609 sciam
636 2594 650 2618 ,
678 2558 752 2606 vel
779 2558 1041 2622 scriptores
1069 2558 1215 2605 Rom.
1252 2555 1488 2614 docuere,

473 2640 550 2687 vel
572 2639 668 2685 viri
686 2634 875 2701 docti),
905 2652 933 2682 a
962 2651 1104 2683 servo
1136 2650 1282 2683 manu
1313 2635 1494 2695 misso,

473 2719 583 2776 vel,
606 2727 661 2764 ut
675 2715 872 2780 quidam
889 2725 1066 2780 putant
1081 2748 1095 2772 ,
1114 2731 1140 2761 a
1160 2714 1388 2772 domino,
1410 2731 1495 2762 seu

474 2808 686 2862 patrono
701 2831 715 2854 ‚
736 2793 1032 2859 penderetur
1046 2793 1234 2841 aerario.
1250 2793 1500 2857 Antiquis-

475 2878 649 2923 simum
674 2874 771 2921 hoc
791 2872 1236 2937 amplissimumque
1265 2873 1470 2936 vectigal
1483 2907 1498 2931 ‚

477 2954 613 3019 quod
627 2955 771 3001 etiam
785 2951 877 2999 suh
894 2950 1271 3016 imperatoribus
1280 2950 1472 2999 duravit
1482 2986 1498 3009 ,

477 3050 597 3082 auro
615 3033 738 3080 solvi
760 3029 947 3078 solebat
962 3065 977 3089 ‚
998 3031 1210 3093 antiquis
1229 3040 1358 3077 certe
1378 3040 1497 3077 tem-

478 3111 680 3176 poribus
696 3144 710 3168 ,
758 3120 807 3157 et
843 3108 960 3156 hinc
1007 3124 1202 3171 quoque
1248 3107 1498 3155 dicebatur

479 3206 653 3237 aurum
666 3186 1042 3242 vicesimarium,
1057 3186 1193 3250 quod
1201 3186 1250 3233 in
1260 3185 1499 3234 sanctiore

480 3267 674 3316 Saturni
693 3265 870 3314 oerario
890 3264 964 3312 ad
979 3264 1168 3312 ultimos
1186 3281 1325 3311 casus
1339 3280 1497 3311 serva-

481 3349 652 3404 batur;
675 3345 788 3392 vide
815 3344 940 3390 infra
962 3344 1191 3401 xxvn,
1219 3358 1280 3390 10
1300 3354 1424 3390 extr.
1450 3355 1503 3392 et

481 3429 597 3474 Tac.
635 3426 766 3472 Ann.
803 3423 958 3478 xm,
997 3421 1056 3467 31
1091 3419 1209 3487 (ubi
1246 3431 1408 3468 tamen
1438 3421 1499 3468 de

481 3507 578 3552 alio
598 3501 824 3565 vectigali
858 3497 1072 3565 agitur);
1097 3498 1308 3546 Fabrett.
1336 3499 1398 3545 ad
1417 3501 1499 3546 Iu-

482 3585 652 3646 script.
680 3598 787 3644 cap.
818 3594 837 3624 1
857 3613 871 3637 ‚
903 3594 953 3642 p.
982 3577 1047 3624 35
1062 3594 1077 3634 3
1107 3576 1311 3625 Guther.
1333 3577 1394 3625 de
1412 3579 1499 3625 off.

484 3664 615 3711 dom.
642 3664 769 3724 Aug.
794 3660 896 3715 III,
919 3656 1012 3715 35;
1036 3657 1199 3703 Burm.
1229 3656 1290 3703 de
1307 3655 1499 3721 Vectig.

482 3758 602 3806 pop.
623 3742 767 3787 Rom.
788 3753 895 3801 cap.
922 3751 998 3784 ιο.
1021 3736 1212 3783 Manut.
1233 3734 1296 3782 ad
1310 3735 1417 3784 Cic.
1438 3736 1503 3783 ad

482 3820 690 3867 Att.V11
709 3852 723 3875 ‚
751 3817 810 3863 15
825 3850 840 3874 ,
866 3826 912 3862 et
935 3831 962 3861 α
975 3830 995 3860 1
1014 3829 1030 3877 3
1047 3814 1239 3862 Ernesti
1258 3814 1380 3863 clav.
1397 3814 1501 3862 Cic.

485 3897 599 3943 vide
626 3895 854 3942 cerarium
879 3904 928 3941 et
953 3896 1001 3938 V
996 3892 1217 3949 icesima‚
1248 3903 1297 3940 et
1319 3893 1501 3940 Duker.

486 3974 550 4020 ad
572 3973 622 4019 b.
646 3973 678 4017 1.
704 3973 789 4019 ubi
816 3984 993 4034 praeter
1024 3970 1115 4017 alia
1139 3971 1244 4018 haec
1273 3972 1461 4018 notavit
1487 3986 1500 4018 :

490 4074 513 4090 ,ι
538 4048 685 4110 Quod
710 4049 901 4110 Lipsius
939 4060 987 4095 et
1025 4049 1227 4096 Guther.
1260 4050 1505 4109 scribunt,

1578 1615 1675 1665 boc
1703 1634 1807 1666 esse
1841 1616 1964 1665 illud
1997 1634 2172 1665 aurum
2208 1616 2594 1673 vicesiman'um,

1579 1696 1716 1759 quod
1747 1691 1974 1755 xxva,
2008 1707 2100 1756 ιο,
2133 1706 2454 1755 memoratur,
2494 1694 2597 1742 for-

1578 1776 1720 1823 tassis
1744 1791 1914 1840 verum
1944 1786 2016 1823 est
2049 1790 2063 1824 ε
2100 1791 2259 1839 neque
2296 1774 2428 1822 enim
2462 1773 2599 1822 bello

1579 1854 1762 1917 punico
1794 1853 2010 1902 secundo
2043 1853 2137 1901 ulla
2170 1854 2286 1911 alia,
2323 1852 2457 1917 quod
2487 1853 2598 1915 qui-

1582 1931 1691 1979 dem
1702 1931 1954 1996 proditum
1964 1931 2364 1990 sciam‚vicesima
2376 1931 2601 1979 instituta

1581 2022 1695 2059 erat.
1732 2010 1862 2058 Mihi
1897 2022 2059 2060 tamen
2084 2011 2139 2057 in
2173 2026 2229 2058 ea
2254 2023 2306 2058 re
2333 2010 2418 2057 hic
2449 2016 2601 2058 restat

1582 2089 1837 2153 scrupulus
1851 2121 1866 2148 ‚
1889 2089 2023 2153 quod
2041 2089 2208 2136 Livius
2227 2106 2401 2136 aurttm
2425 2089 2601 2136 vicesi-

1583 2167 1790 2214 marium
1810 2168 1859 2215 in
1872 2168 2113 2215 sanctiore
2130 2167 2307 2214 oerario
2326 2165 2398 2214 ad
2409 2165 2600 2214 ultimos

1583 2261 1723 2292 casus
1739 2234 1980 2292 servatum
1998 2247 2143 2294 fixisse
2159 2246 2303 2305 dicit3
2318 2243 2600 2292 vicesimam

1584 2339 1733 2370 manu
1759 2323 2011 2371 missorum
2038 2336 2198 2373 autem
2212 2358 2227 2383 ,
2253 2340 2352 2387 quo
2378 2335 2603 2388 tempore

1581 2402 1793 2465 primum
1815 2401 2015 2450 inducta
2036 2414 2132 2461 est,
2168 2403 2420 2469 praesentis
2438 2418 2601 2450 neces·

1584 2480 1741 2527 sitatis
1762 2492 1811 2528 et
1833 2497 1947 2529 usus
1973 2481 2119 2528 fuisse
2135 2517 2148 2540 ,
2172 2481 2250 2528 his
2266 2479 2430 2528 verbis
2449 2480 2600 2545 signi-

1582 2557 1697 2607 ficat
1712 2593 1726 2616 ‚
1740 2559 1879 2607 haud
1884 2575 2085 2623 parvum
2097 2560 2314 2625 vectigal
2329 2558 2464 2623 inopi
2477 2573 2602 2606 oera·

1583 2638 1657 2685 rio
1688 2638 1926 2685 additum.
1966 2638 2093 2686 Nam
2132 2639 2175 2685 si
2201 2639 2428 2686 vicesima
2451 2654 2602 2685 mauu

1586 2712 1843 2765 missorum
1880 2719 1931 2764 in
1967 2719 2140 2766 aerario
2173 2717 2373 2766 condita
2398 2718 2567 2765 ffiisset
2585 2753 2603 2776 ,

1585 2810 1801 2860 presens
1823 2794 1990 2861 inopia
2015 2797 2169 2844 aerarii
2189 2811 2293 2844 non
2316 2797 2468 2859 magis
2486 2794 2604 2842 sub·

1584 2875 1736 2922 levari
1764 2874 2005 2939 potuisset
2038 2876 2272 2940 pecunia,
2308 2892 2417 2939 quae
2446 2875 2513 2922 ita
2546 2876 2605 2922 in

1587 2954 1827 3001 sanctiore
1853 2955 2023 3002 aerario
2046 2954 2397 3019 reponebatur,
2420 2965 2477 3002 ut
2499 2969 2604 3000 non

1585 3032 1681 3080 nisi
1723 3032 1906 3080 ultimis
1944 3033 2136 3081 casibus
2172 3033 2359 3080 moveri
2407 3043 2602 3097 posset,

1585 3127 1728 3173 quam
1756 3111 1803 3157 si·
1827 3127 1881 3158 ea
1908 3111 2040 3159 nulla
2064 3111 2248 3159 fuisset.
2276 3113 2359 3159 An
2388 3128 2503 3175 ergo
2527 3109 2604 3158 di-

1586 3188 1795 3236 cendum
1833 3201 1932 3248 est,
1975 3190 2150 3237 deinde
2166 3227 2169 3232 .
2188 3189 2378 3238 demum
2409 3202 2604 3239 cautum

1587 3266 1735 3314 fuisse
1749 3302 1763 3326 ,
1786 3278 1840 3315 ut
1850 3267 1946 3315 hoc
1963 3285 2133 3316 aurum
2150 3269 2202 3315 iu
2220 3270 2461 3317 sanctiore
2485 3285 2603 3316 aera·

1588 3345 1662 3391 rio
1682 3345 1743 3393 ad
1762 3346 1960 3394 ultimos
1977 3362 2114 3394 casus
2146 3347 2428 3411 reipublicae
2445 3363 2604 3395 serva·

1586 3424 1756 3472 retur?
1782 3446 1807 3466 n

1662 3502 1708 3549 5.
1723 3503 1801 3549 Ne
1818 3502 1923 3574 quis
1928 3515 2105 3567 postea
2107 3505 2347 3568 populum
2363 3517 2608 3553 sevocat-et

1590 3593 1726 3630 extra
1752 3577 1963 3639 Urbem,
2002 3594 2050 3631 et
2080 3583 2261 3631 alicubi
2282 3596 2610 3644 convocaret,

1589 3659 1750 3723 legum
1783 3660 2086 3709 ferendarum
2126 3677 2285 3710 causa.
2326 3690 2399 3698 —-
2440 3663 2607 3728 Capite

1588 3751 1884 3795 sanxerunt,
1910 3739 1961 3786 h.
1984 3756 2026 3787 e.
2051 3739 2227 3805 eapitis
2252 3757 2398 3805 poena
2424 3757 2606 3805 propo-

1592 3816 1710 3875 sita,
1738 3817 1816 3865 vel
1843 3818 2135 3877 constituta,
2163 3818 2276 3867 vide
2298 3820 2360 3868 ad
2385 3822 2491 3879 111,
2526 3834 2607 3875 ιι,

1592 3912 1643 3943 ιι.
1662 3903 1708 3951 4.
1721 3899 1995 3943 —Juratos
2014 3897 2063 3944 in
2081 3897 2289 3946 consulis
2299 3898 2478 3954 verba,
2504 3897 2603 3946 vid.

1593 3973 1655 4020 ad
1675 3977 1749 4031 11,
1781 3976 1869 4032 32,
1894 3991 1944 4021 n.
1981 3978 2152 4035 13111‚
2182 3992 2272 4036 203
2300 3978 2481 4034 xxn,
2508 3977 2604 4036 383

1593 4052 1869 4116 qubeI,
1894 4069 1981 4113 223
2009 4055 2111 4115 XI,
2139 4053 2219 4101 30.
