3000 4717
2188 328 2241 368 A.
2262 328 2309 369 c.
2336 331 2564 386 ηις-437.

493 353 590 424 30
1330 351 1409 418 Τ.
1434 355 1437 358 ’
1474 350 1751 421 LIVII
2189 392 2308 433 uc.
2337 394 2565 437 313—315.

484 474 971 576 temporibus,
1000 472 1375 571 praedives,
1404 498 1561 544 rem
1590 475 1843 544 utilem
1860 526 1880 562 ‚
1905 474 2218 571 pessimo
2247 478 2613 576 exemplo,

487 590 738 687 pejore
778 586 1080 658 consilio
1101 637 1119 674 ‚
1158 598 1267 658 est
1302 608 1672 681 aggressus
1706 613 1722 654 t
1765 583 2132 656 frumento
2166 609 2484 684 namque
2526 613 2618 660 ex

488 700 774 773 Etruria
828 698 1100 795 privata
1147 696 1452 793 pecunia
1499 719 1631 793 per
1677 695 2045 794 hospitum
2099 696 2617 796 clientiumque

485 812 881 884 ministeria
916 822 1254 905 coempto
1285 806 1486 904 (quae
1506 862 1525 895 ‚
1567 807 1823 897 credo,
1861 809 2014 906 ipsa
2053 819 2208 878 res¹
2250 808 2341 879 ad
2375 809 2613 882 levan-

489 924 655 994 dam
720 920 1011 1020 publica
1079 942 1250 989 cura
1313 941 1678 988 annonam
1731 917 2251 1014 impedimento
2300 917 2613 1016 fuerat),

481 1035 915 1131 largitiones·
943 1031 1288 1103 frumenti
1330 1029 1563 1101 facere
1604 1031 1911 1101 instituit
1958 1029 2396 1130 plebemque
2414 1087 2432 1121 ‚
2475 1032 2617 1104 hoc

485 1168 788 1214 munere
815 1143 1233 1229 delenitam,
1264 1163 1726 1239 quacumque
1752 1142 2119 1213 incederet
2137 1197 2156 1231 ‚
2190 1157 2617 1241 conspectus

449 1343 465 1362 Ι
486 1256 861 1351 elatusque
902 1275 1122 1351 supra
1164 1251 1465 1323 modum
1499 1251 1815 1322 hominis
1851 1253 2145 1351 privati,
2185 1275 2431 1324 secum
2476 1267 2614 1324 tra·

486 1364 697 1452 here,
727 1363 925 1435 haud
958 1362 1261 1435 dubium
1291 1361 1746 1433 consulatum
1777 1361 2018 1434 favore
2045 1386 2128 1434 ac
2151 1387 2276 1459 spe
2302 1363 2616 1461 despon-

486 1477 805 1549 dentem.
873 1481 1036 1571 Ipse
1068 1529 1088 1562 ,
1135 1488 1220 1544 ut
1273 1488 1380 1544 est
1436 1474 1799 1544 humanus
1862 1475 2145 1545 animus
2200 1473 2617 1545 insatiabilis

488 1612 575 1658 eo
634 1585 836 1682 quod
893 1583 1185 1655 fortuna
1243 1583 1592 1681 spondet,
1650 1584 1742 1652 ad
1800 1584 2048 1655 altiora
2107 1599 2180 1655 et
2227 1608 2378 1654 non
2439 1611 2615 1658 con·
2713 1624 2719 1630 ·

488 1719 684 1767 cessa
732 1693 1080 1765 tendere:
1127 1708 1232 1781 et,
1271 1695 1617 1788 quoniam
1673 1695 2091 1765 consulatus
2141 1718 2436 1792 quoque
2491 1698 2620 1767 eri·

489 1804 798 1904 piendus
845 1805 1088 1874 invitis
1128 1803 1459 1876 Patribus
1507 1819 1725 1892 esset,
1769 1805 1860 1877 de
1910 1831 2139 1904 regno
2192 1811 2499 1906 agitare:
2543 1808 2619 1879 id

486 1936 718 1985 unum
760 1915 1061 2011 dignum
1110 1927 1316 1984 tanto
1365 1930 1714 2012 apparatu
1762 1916 2231 1987 consiliorum
2283 1933 2356 1989 et
2404 1934 2620 1991 certa·

484 2028 680 2096 mine
701 2036 764 2115 ²,
819 2025 1019 2122 quod
1073 2027 1328 2125 ingens
1394 2026 1895 2098 exsudandum
1959 2042 2146 2099 esset
2167 2083 2185 2117 ‚
2243 2031 2619 2125 praemium

487 2136 665 2209 fore.
699 2141 855 2207 Jam
885 2137 1172 2207 comitia
1205 2138 1611 2208 consularia
1636 2136 2002 2207 instabant
2031 2163 2045 2205 ε
2079 2163 2241 2234 quae
2269 2163 2384 2209 res
2412 2164 2616 2232 eum,

482 2247 798 2319 necdum
845 2249 1259 2346 compositis
1299 2250 1683 2319 maturisve
1722 2249 1888 2317 satis
1925 2247 2237 2320 c'onsiliis
2256 2304 2275 2337 ‚
2314 2272 2619 2346 oppres-

485 2361 600 2428 sit.
655 2359 927 2430 Consul
972 2373 1255 2431 sextum
1301 2374 1583 2430 creatus
1620 2364 1697 2428 T.
1742 2359 2084 2449 Quintius
2128 2358 2615 2457 Capitolinus,

486 2470 784 2539 minime
821 2484 1280 2568 opportunus
1317 2470 1424 2542 vir
1452 2470 1752 2538 novanti
1793 2493 1908 2538 res
1945 2497 1960 2538 ε
2013 2468 2287 2568 collega
2330 2468 2620 2540 additur

484 2579 551 2650 ei
585 2579 900 2676 Agrippa
940 2579 1358 2665 Menenius,
1396 2577 1513 2647 cui
1553 2581 1826 2648 Lanato
1871 2592 2025 2649 erat
2063 2604 2513 2679 cognomen:
2546 2595 2621 2653 et

483 2695 566 2760 L.
627 2691 989 2760 Minucius
1038 2686 1418 2785 praefectus
1469 2709 1818 2778 annonae,
1868 2714 1996 2762 seu
2050 2690 2400 2781 refectUS,
2450 2717 2617 2779 seu,

485 2800 727 2898 quoad
763 2825 877 2872 res
912 2812 1277 2897 posceret,
1310 2799 1385 2870 in
1420 2797 1825 2873 incertum-2
1863 2818 2178 2875 creatus:
2210 2802 2390 2874 nihil
2426 2802 2620 2872 enim

485 2926 803 3000 constat,
834 2911 972 2982 nisi
1016 2912 1091 2981 in
1135 2909 1362 2982 libros
1405 2911 1671 2983 linteos
1708 2928 2027 3010 utroque
2072 2936 2267 2983 anno
2308 2911 2620 2983 relatum

488 3022 678 3091 inter
701 3024 1158 3120 magistratus
1186 3022 1505 3121 praefecti
1539 3047 1828 3095 nomen.
1866 3026 1997 3094 Hic
2020 3024 2380 3095 Minucius
2396 3079 2416 3112 ‚
2442 3045 2620 3095 eam·

491 3129 657 3202 dem
674 3134 706 3181 4
745 3130 1036 3227 publice
1082 3134 1531 3202 curationem
1578 3158 1833 3231 agenS‚
1876 3157 2095 3230 quam
2138 3134 2414 3204 Maelius
2465 3134 2619 3231 pri-

559 3324 682 3372 ΟΜ».
708 3325 854 3372 XIII.
887 3340 932 3371 1.
966 3327 1085 3389 Ipsa
1112 3339 1214 3371 res.
1235 3358 1248 3373 .
1264 3305 1282 3373 N.
1305 3325 1506 3390 impedi-

486 3414 644 3449 mento
656 3401 861 3466 fluerat,
895 3403 1054 3465 quod,
1081 3404 1185 3450 scil.
1212 3404 1509 3453 frumentum

488 3496 633 3528 omne
656 3481 795 3545 prius
817 3479 878 3528 ab
907 3496 967 3529 eo
997 3483 1202 3546 privatis
1233 3484 1509 3549 sumptibus

488 3571 769 3625 coemptum
796 3571 922 3609 esset
933 3595 949 3620 ,
966 3572 1016 3610 et
1034 3561 1158 3609 nihil
1181 3564 1405 3611 relictum
1422 3581 1513 3627 pu-

487 3639 616 3687 blice
636 3641 952 3705 coempturis.
967 3666 1038 3677 ———
1054 3642 1366 3706 Conspectus,
1397 3639 1513 3689 vide

490 3718 553 3765 ad
580 3721 660 3777 11,
687 3721 746 3779 5,
773 3737 824 3767 n.
852 3705 1384 3785 8.-⁵-Despondentem
1410 3722 1515 3787 ple-

486 3797 601 3845 bem
623 3833 638 3856 ,
675 3799 1002 3862 spondentem
1017 3835 1033 3859 ,
1063 3800 1388 3849 destinantem
1403 3833 1418 3860 ‚
1454 3811 1513 3849 ut

487 3878 664 3924 XXVI
677 3912 692 3936 ,
723 3878 806 3937 37,
833 3894 885 3926 n.
914 3894 962 3925 2.

559 3971 609 4003 α.
630 3956 928 4015 Certamine‚
948 3958 1085 4022 quod
1098 3959 1263 4024 ingens
1272 3994 1288 4017 ‚
1307 3971 1400 4009 etc.
1414 3975 1510 4025 pro

492 4035 753 4084 certamine
775 4035 960 4101 ingenti
966 4072 984 4094 ,
1017 4038 1512 4102 quodam-sudandum

495 4127 640 4173 esset,
669 4115 826 4163 multo
851 4116 1031 4166 sudore
1045 4152 1061 4178 ‚
1080 4118 1185 4169 scil.
1211 4113 1379 4168 labore
1404 4136 1510 4169 sus-

1594 3327 1881 3376 tentandum
1900 3339 1948 3376 et
1965 3327 2352 3383 conficiendum:
2370 3341 2426 3377 ut
2437 3331 2619 3395 passim

1595 3407 1775 3454 sudare
1791 3417 1840 3455 et
1856 3408 2112 3457 exsudare.
2124 3435 2192 3445 -—-
2204 3409 2488 3475 Compositis
2505 3423 2619 3456 eon·-

1596 3484 1716 3534 siliis
1733 3517 1750 3544 ,
1796 3487 1909 3535 vide
1943 3488 2006 3535 ad
2040 3491 2148 3549 111,
2183 3489 2246 3536 53
2263 3524 2278 3548 ‚
2315 3506 2367 3539 n.
2410 3505 2459 3537 α.
2477 3490 2618 3536 -L.

1599 3565 1841 3613 Minucius
1879 3567 2161 3631 Augurinus
2175 3604 2190 3629 ‚
2222 3569 2310 3633 qui
2343 3572 2400 3615 P.
2440 3566 2619 3614 dicitur

1599 3645 1723 3693 Plin.
1747 3645 1995 3706 XXXIV,
2015 3647 2064 3707 5,
2082 3659 2132 3696 et
2157 3650 2209 3696 T.
2225 3647 2466 3695 Minucius
2488 3645 2540 3693 C.
2559 3647 2617 3694 17.

1600 3724 1654 3770 in
1677 3723 1877 3773 denario
1904 3727 2119 3790 quodam
2139 3736 2349 3775 vetuste.

1672 3804 1720 3852 3.
1744 3807 1804 3852 In
1825 3805 2058 3854 incertum
2076 3815 2292 3861 creatus,
2320 3819 2388 3851 sc.
2408 3811 2618 3868 tompus.

1599 3910 1667 3920 ——
1683 3886 1744 3930 In
1770 3884 1915 3933 libros
1941 3886 2138 3942 linteos,
2165 3899 2212 3932 r.
2236 3882 2300 3933 ad
2321 3900 2365 3931 c.
2388 3899 2436 3943 7,
2461 3900 2511 3931 n.
2536 3897 2582 3944 7.

1674 3970 1723 4017 k.
1752 3963 1991 4011 Eamdem
2012 3998 2026 4009 .
2048 3997 2062 4010 .
2083 3998 2096 4011 .
2124 3962 2426 4010 curationem
2450 3977 2618 4027 agens,
2684 4019 2690 4034 ι

1597 4041 1649 4090 h.
1671 4057 1714 4090 e.
1735 4043 1939 4107 publico
1955 4042 2181 4102 nomine,
2198 4042 2432 4090 mandato
2447 4075 2462 4100 ‚
2490 4055 2620 4089 sun-

1598 4125 1692 4185 ptu
1706 4129 1755 4169 et
1766 4121 2067 4170 auctoritate.
2080 4121 2154 4170 lta
2166 4122 2345 4186 legitur
2356 4133 2419 4171 ex
2429 4119 2617 4171 emend.
