3000 4717
429 374 477 413 A.
505 371 553 410 C.
583 371 671 409 361.

430 433 482 471 U.
506 432 554 471 C.
585 431 669 481 39¹·

949 389 1263 456 LIBER
1311 387 1488 453 VII.
1545 385 1752 452 CAP.
1792 382 1910 447 ·ΙΙ.

2351 375 2485 451 335

378 508 843 608 exposcendae
888 532 1095 579 causa
1140 507 1353 577 tertio
1409 519 1564 575 tum
1609 515 1773 598 post
1815 498 2174 569 conditam
2218 498 2490 570 Urbem

378 620 893 693 lectisternium
931 617 1066 688 fuit
1089 628 1137 686 ¹.
1180 621 1267 686 Et
1296 638 1525 711 quum
1551 613 1655 681 vis
1690 609 1960 696 morbi,
1996 632 2130 678 nec
2163 608 2491 679 humanis

380 731 718 818 consiliis,
744 754 877 800 nec
912 753 1051 825 ope
1085 726 1319 796 divina
1352 724 1732 807 levaretur,
1759 721 1962 790 victis
1987 720 2489 814 superstitione

380 842 629 912 animis
651 894 671 928 ,
709 837 860 910 ludi
898 861 1192 933 quoque
1235 835 1530 921 scenici,
1581 856 1767 902 nova
1812 855 1924 900 res
1963 827 2302 898 bellicoso
2358 853 2491 924 po-

379 953 555 1051 pulo
574 952 601 1046 (
620 974 786 1020 nam
811 949 982 1020 circi
1006 946 1229 1016 modo
1266 943 1752 1042 spectaculum
1776 939 2087 1035 fuerat2)
2106 992 2125 1026 ,
2150 939 2337 1007 inter
2361 938 2493 1008 alia

382 1065 686 1137 coelestis
735 1065 856 1132 irae
911 1060 1307 1160 placamina
1356 1057 1667 1129 instituti
1713 1055 2071 1126 dicuntur.
2139 1057 2492 1123 Caeterum

379 1204 596 1277 parva
645 1200 938 1273 quoque
971 1178 1096 1271 (ut
1136 1172 1358 1244 ferme
1400 1169 1746 1268 principia
1788 1168 2070 1263 omnia)
2110 1181 2180 1237 et
2224 1191 2303 1237 ea
2341 1168 2495 1263 ipsa

381 1288 757 1385 peregrina
787 1309 902 1355 res
947 1283 1101 1354 fuit.
1145 1284 1311 1353 Sine
1340 1281 1648 1351 carmine
1685 1278 1835 1348 ullo
1854 1274 1907 1364 ³,
1938 1279 2092 1348 sine
2129 1276 2496 1346 imitando·

380 1423 544 1469 rum
589 1396 986 1467 carminum
1040 1408 1238 1479 acm,
1283 1390 1610 1461 ludiones
1649 1414 1736 1458 ex
1779 1390 2065 1458 Etruria
2114 1388 2349 1475 acciti,
2404 1387 2493 1458 acl

383 1503 690 1576 tibicinis
724 1502 979 1574 modos
1015 1499 1596 1588 saltante5,haud
1629 1499 2008 1572 indecoros
2027 1513 2266 1571 motus
2291 1523 2496 1570 more

450 1691 572 1739 Cu.
590 1693 656 1737 11.
687 1706 708 1737 1
720 1726 731 1737 .
761 1690 903 1737 Pacis
922 1690 1063 1736 deum
1084 1687 1399 1751 exposcendae

381 1783 537 1816 causa
562 1768 701 1833 (vide
722 1767 785 1816 ad
808 1771 859 1826 1,
892 1770 979 1826 16,
1002 1785 1052 1813 n.
1083 1766 1149 1831 4)
1174 1765 1400 1813 lectister-

382 1846 655 1913 niumficit‚
684 1846 797 1894 vide
816 1847 879 1894 ad
896 1848 961 1903 V,
993 1847 1081 1903 13,
1105 1862 1156 1892 n.
1179 1845 1225 1891 5.

454 1942 503 1974 2.
544 1926 675 1973 Nam
716 1925 836 1972 circi
880 1923 1029 1971 modo
1079 1922 1401 1986 spectaculum

365 2004 567 2069 flerat,
599 2005 705 2052 ludi
738 2015 926 2052 tantum
962 2004 1200 2050 circenses
1228 2002 1282 2047 in
1310 2017 1401 2047 usu

383 2094 431 2132 et
453 2084 558 2132 noti
578 2084 787 2131 fuerant.
815 2083 958 2131 Conf-
982 2085 1032 2140 Ι,
1063 2081 1401 2128 35.---Parva

383 2179 573 2227 quoque
599 2178 672 2209 res
686 2196 702 2218 ,
737 2162 896 2209 tenuis
911 2195 926 2219 ,
939 2157 1075 2226 fide,-
1096 2159 1218 2207 rude
1241 2157 1400 2205 adhuc

384 2255 431 2291 et
455 2242 760 2290 inconditum
785 2241 1057 2288 fabularum
1078 2239 1400 2300 ludorumque

385 2338 550 2384 genus.
582 2323 676 2367 Pro
698 2335 890 2384 quoque
910 2320 1039 2366 forte
1063 2319 1156 2382 leg.
1177 2319 1394 2383 quidem,

386 2398 738 2461 delendumque
761 2409 809 2444 ce
827 2409 937 2445 ante
960 2413 1021 2442 ea
1040 2396 1145 2460 ipsa
1155 2415 1175 2453 ;
1194 2399 1363 2444 Bauer.

459 2478 505 2523 3.
530 2475 640 2521 Sine
665 2475 762 2521 ullo
789 2475 1026 2531 carmine,
1058 2486 1205 2522 cantu
1237 2487 1286 2523 et
1317 2477 1401 2524 de-

387 2553 671 2600 clamatione
683 2587 697 2611 ,
716 2553 820 2599 sine
838 2563 1037 2599 cantore
1049 2586 1063 2610 ,
1083 2554 1167 2614 qui
1185 2570 1402 2615 pronun-

387 2631 529 2679 tiaret
560 2630 732 2686 verba,
760 2631 838 2676 vel
872 2640 1095 2686 caneret,
1129 2630 1231 2676 sine
1256 2642 1398 2687 actu,

388 2711 492 2758 sine
521 2709 758 2756 histrione
773 2742 788 2766 ,
816 2708 901 2771 qui
933 2707 1155 2753 saltando
1185 2718 1234 2753 et
1259 2709 1404 2770 gesti-

388 2789 595 2837 culando
614 2803 669 2835 ea
684 2822 698 2846 ,
726 2802 834 2849 quae
856 2802 882 2832 a
909 2795 1107 2832 cantore
1124 2786 1407 2847 pronuntia-

387 2869 577 2926 bantur,
605 2866 923 2930 exprimeret,
949 2862 1053 2910 sine
1080 2862 1338 2910 dramatiea
1358 2874 1408 2910 et

389 2948 581 2995 mimica
626 2943 1054 3009 repraesentatione
1103 2941 1370 2987 carminum
1385 2976 1402 2999 ‚

388 3026 438 3075 h.
463 3043 504 3073 e.
538 3042 729 3084 eorum,
767 3040 875 3087 quae
905 3021 1122 3071 canenda
1158 3030 1294 3068 erant
1330 3019 1407 3066 vel

392 3104 701 3151 declamanda
734 3102 753 3165 (
767 3103 897 3149 unde
922 3118 1039 3149 mox
1072 3116 1268 3148 suorum
1297 3114 1408 3146 car-

392 3182 601 3238 minum,
636 3181 931 3239 dramatum,
969 3179 1173 3242 actor),
1211 3190 1263 3226 et
1298 3178 1405 3226 imi-

392 3260 547 3306 tanda
556 3294 572 3317 ,
593 3260 711 3306 scita
734 3259 1002 3306 imitatione
1021 3260 1243 3323 aptisque
1260 3258 1406 3321 gesti-

392 3338 483 3385 bus
514 3336 827 3401 exprimenda
858 3336 1028 3401 (actus
1062 3338 1406 3385 imitandorum

391 3416 659 3463 carminum
682 3425 755 3461 est
774 3414 927 3472 actio,
954 3426 1113 3478 gestus
1134 3431 1406 3463 accommo-

393 3495 532 3542 datus
550 3493 612 3541 ad
631 3492 969 3557 exprimendas
988 3495 1275 3542 sententias:
1295 3511 1406 3541 nam

392 3572 576 3621 imitari
586 3584 661 3621 est
674 3567 942 3635 exprimere
953 3605 967 3629 ,
985 3571 1187 3619 reddere
1197 3607 1211 3631 ,
1226 3588 1409 3620 accom-

390 3653 586 3701 modare
598 3663 777 3708 actum,
795 3665 882 3697 seu
894 3661 1080 3713 gestum
1093 3650 1155 3697 ad
1168 3651 1403 3708 carmina,

389 3733 453 3782 ad
499 3731 648 3779 verba
691 3729 871 3778 cantici
907 3739 1021 3793 apte
1059 3730 1371 3794 exprimenda
1393 3745 1406 3779 ε

391 3822 499 3870 aut,
528 3811 571 3858 si
592 3809 754 3857 absint
773 3807 995 3855 carmina
1006 3841 1023 3864 ,
1052 3808 1105 3854 id
1134 3818 1207 3856 est
1222 3842 1235 3866 ,
1263 3809 1408 3856 verba

389 3891 443 3937 in
468 3904 611 3937 scena
636 3887 789 3935 actori
816 3886 1205 3951 pronuntianda,
1226 3899 1281 3935 ut
1308 3903 1410 3933 non

389 3967 633 4032 loquatur,
671 3967 758 4014 sed
792 3977 980 4013 tantum
1016 3976 1204 4028 gestum
1239 3966 1382 4014 faciat
1397 4005 1411 4028 ‚

394 4059 476 4095 aut
520 4048 603 4095 alii
637 4046 859 4108 loquenti
894 4055 1080 4107 gestum
1118 4048 1302 4091 mutum
1338 4059 1415 4090 ac-

391 4125 690 4182 commodet,
714 4123 898 4171 imitari
911 4124 974 4170 sit
989 4158 1002 4181 ,
1018 4134 1154 4186 gestu
1168 4124 1297 4171 idem
1312 4123 1416 4170 red-

1486 1688 1624 1747 dere,
1647 1686 1782 1751 quod
1808 1686 1967 1734 verbis
1995 1686 2203 1750 exprimi
2234 1685 2393 1750 possit
2417 1697 2505 1733 aut

1487 1767 1684 1824 debeat,
1707 1765 1896 1813 efficere
1908 1799 1921 1823 ,
1939 1776 1994 1812 ut
2007 1781 2034 1812 e
2047 1777 2186 1828 gestu
2200 1765 2312 1829 ipso
2329 1776 2378 1812 et
2395 1765 2501 1812 solo

1487 1861 1564 1892 res
1589 1857 1639 1892 et
1663 1845 1901 1893 sententia
1935 1860 2038 1891 non
2071 1844 2231 1891 minus
2258 1844 2503 1891 intellecta

1487 1935 1715 1987 appareat
1731 1958 1745 1981 ,
1779 1940 1835 1971 ac
1868 1924 1911 1970 si
1942 1923 2184 1980 carmine,
2224 1939 2309 1971 seu
2339 1924 2502 1972 verbis

1488 2013 1613 2062 esset
1643 2003 1856 2066 prolata3
1884 2000 2100 2066 Rauen),
2138 2002 2382 2058 ludiones,
2425 2003 2504 2049 vel

1486 2080 1768 2138 histriones,
1797 2082 1849 2130 h.
1880 2097 1924 2127 e.
1962 2081 2098 2127 mimi
2135 2079 2275 2144 (quae
2304 2081 2505 2145 propria

1485 2159 1681 2206 illorum
1717 2159 1977 2207 verborum
2019 2161 2095 2207 vis
2138 2170 2244 2217 est‘,
2289 2171 2338 2207 et
2387 2159 2505 2207 hine

1487 2239 1714 2286 translata
1737 2238 1799 2285 ad
1821 2254 1990 2286 omnes
2007 2238 2273 2286 fabularum
2288 2248 2505 2297 actores,

1488 2319 1575 2380 qui
1595 2317 1738 2365 simul
1755 2328 1890 2364 erant
1907 2315 2096 2381 mimi),
2116 2332 2180 2363 ca·
2196 2317 2399 2364 Etruria
2421 2334 2503 2364 ac-

1488 2395 1576 2443 citi
1585 2431 1601 2452 ,
1642 2397 1715 2443 ad
1739 2395 1944 2444 tibicinis
1969 2407 2157 2443 tantum
2185 2397 2382 2453 modos,
2414 2413 2505 2444 nu-

1489 2491 1647 2523 meros
1659 2512 1672 2536 ,
1694 2476 1863 2546 ῥυθμὸν
1879 2473 1961 2526 καὶ
1977 2475 2224 2545 ἁρμονίαν,
2244 2476 2502 2531 saltantes,

1489 2556 1541 2603 h.
1573 2572 1616 2603 e.
1639 2557 1979 2619 gesticulantes
2017 2556 2096 2603 vel
2123 2555 2322 2602 mimum
2359 2569 2504 2617 agen·
2599 2574 2602 2578 ’

1490 2643 1565 2680 tes
1601 2634 1741 2698 (nam
1767 2636 1957 2682 saltatio
1984 2646 2199 2681 veterum
2229 2633 2381 2696 magis
2407 2635 2506 2680 fere

1491 2727 1749 2770 manuum,
1788 2729 1931 2775 quam
1967 2712 2148 2775 pedum
2183 2723 2320 2758 motu
2352 2711 2506 2759 artifi-

1493 2789 1628 2835 cioso
1657 2789 2031 2851 continebatur)
2052 2804 2066 2836 :
2093 2788 2232 2835 haud
2257 2789 2507 2837 indecoros

1494 2878 1649 2912 motus
1676 2868 1886 2922 dabant,
1916 2866 2157 2913 faciebant
2175 2865 2339 2929 (conf.
2365 2867 2427 2914 ad
2453 2870 2477 2915 1
2493 2900 2509 2925 ‚

1495 2943 1653 3010 25‚·n.
1685 2944 1765 3006 8),
1787 2955 1870 2990 aut
1897 2943 2135 3001 edebant,
2161 2955 2216 2991 ut
2234 2946 2383 3002 vul,
2408 2953 2474 3000 24
2491 2979 2505 3002 ,

1494 3038 1545 3068 n.
1569 3024 1623 3081 33
1650 3023 1854 3079 XXXI,
1882 3022 1973 3079 50,
1994 3022 2055 3068 aL
2076 3024 2188 3068 Hoc
2209 3032 2281 3068 est
2299 3023 2509 3085 primum

1494 3116 1551 3147 ac
1577 3100 1698 3148 rude
1730 3101 1987 3147 mimorum
2011 3117 2190 3163 genus,
2219 3100 2322 3147 sine
2354 3103 2512 3149 verbis

1493 3191 1653 3228 actum
1665 3214 1678 3238 ,
1701 3179 1984 3226 ludionibus
2004 3179 2068 3226 ad
2088 3179 2302 3227 tibicinis
2322 3192 2508 3228 tantum

1493 3259 1667 3306 modos
1694 3257 2009 3306 saltantibus:
2037 3269 2207 3321 postea
2229 3258 2289 3305 iis
2314 3261 2512 3323 propria

1492 3338 1587 3386 fuit
1610 3337 1893 3399 conjunctio
1918 3336 2152 3383 sermonis
2177 3353 2286 3383 cum
2310 3339 2514 3400 gesticu-

1492 3417 1699 3474 latione,
1725 3416 1803 3463 vel
1822 3415 1954 3463 actio
1981 3414 2044 3462 ad
2071 3414 2245 3462 modos
2271 3426 2319 3462 et
2344 3416 2511 3462 tibiam

1492 3497 1618 3543 facta
1633 3529 1647 3553 ,
1675 3512 1817 3559 quam
1839 3511 1958 3542 mox
1977 3495 2219 3542 saltationi
2238 3494 2513 3554 adjunxisse

1494 3574 1675 3622 dicitur
1691 3574 1916 3639 juventus
1944 3589 2139 3621 romana
2156 3607 2170 3631 ,
2201 3584 2398 3620 cantore
2433 3574 2516 3621 de-

1496 3653 1730 3700 clamante
1766 3664 1815 3700 et
1848 3653 2084 3700 histrione
2119 3652 2263 3699 simul
2296 3668 2381 3710 ea,
2408 3669 2514 3716 quae

1495 3731 1814 3789 canebantur,
1847 3730 2175 3792 gesticulando
2204 3731 2515 3793 exprimente.

1496 3812 1606 3871 Qua
1636 3809 1689 3855 in
1723 3824 1774 3855 re
1808 3808 2116 3872 potissimum
2155 3809 2288 3855 mimi
2324 3809 2514 3858 differe-

1496 3887 1615 3934 bant
1639 3903 1665 3933 a
1680 3888 2020 3950 pantomimis,
2046 3888 2131 3950 qui
2149 3903 2248 3936 non
2268 3904 2512 3948 sermone,

1498 3965 1585 4013 sed
1619 3966 1721 4012 sola
1762 3966 2124 4028 gesticulatione
2158 3967 2436 4025 utebantur,
2466 3981 2514 4017 et

1500 4055 1732 4108 praeterea
1775 4041 2080 4106 exquisitiori
2121 4061 2230 4092 cum
2277 4058 2376 4094 arte
2417 4059 2514 4095 tam

1501 4123 1769 4188 psallebant
1807 4139 1951 4186 quam
1991 4123 2252 4181 saltabant,
2291 4142 2381 4175 nec
2420 4126 2515 4176 uisi
