3000 4717
507 358 637 439 144
1346 356 1422 423 Τ.
1484 354 1747 427 mvn
2326 340 2566 450 {15:332

493 477 840 549 abdicare
858 500 939 547 se
955 481 1383 573 magistratu
1391 531 1412 564 ,
1435 477 1796 550 dictatoris
1812 494 2006 551 metu
2025 477 2120 549 ab
2141 476 2425 579 collegis
2442 507 2625 554 coer·

497 596 668 660 citos
693 612 874 659 esse:
904 602 971 657 et
989 586 1359 684 populum
1387 612 1776 661 romanum
1806 591 2127 662 tribunos
2160 615 2467 682 creasse,
2494 601 2628 691 qui
2654 671 2667 685 Ι

496 723 644 770 non
710 698 947 770 idibus
1003 697 1500 768 decembribus
1553 699 1671 770 die
1725 699 2035 787 solenni,
2081 702 2214 772 sed
2258 705 2621 802 extemplo

377 862 388 873 ,
493 807 812 880 calendis
834 808 1234 879 octobribus
1254 814 1745 904 magistratum
1768 818 2196 908 occiperent‚
2234 819 2412 909 quia
2429 830 2653 891 stare⁴

493 921 757 991 diutius
782 918 1178 1017 respublica
1193 973 1215 1005 ,
1245 918 1356 990 bis
1386 921 1844 993 manentibus
1879 929 1954 995 in
1987 931 2411 1022 magistratu
2422 980 2443 1013 ,
2471 950 2619 996 non

476 1044 750 1131 posset.
784 1035 885 1100 Et
907 1044 1146 1101 tamen
1179 1054 1331 1115 eos,
1362 1046 1463 1101 tot
1478 1030 1785 1125 judiciis
1799 1043 1824 1087 ⁷
1853 1034 2620 1133 confossos-praedam·

492 1153 843 1237 natosque
862 1193 882 1223 ,
920 1144 1167 1210 venire
1215 1138 1324 1211 ad
1339 1140 1611 1238 populi
1624 1140 1989 1234 judicium
2007 1174 2035 1230 ,·
2070 1161 2142 1215 et
2169 1152 2610 1232 existimare,

492 1252 862 1342 defunctos
902 1276 976 1323 se
1018 1277 1169 1324 esse
1189 1305 1209 1339 ,
1255 1257 1573 1349 satisque
1606 1277 2007 1350 poenarum
2049 1253 2323 1325 dedisse
2340 1309 2363 1342 ,
2411 1255 2621 1353 quod

491 1362 778 1435 duobus
804 1362 1160 1434 mensibus
1188 1366 1393 1434 citius
1410 1367 1684 1459 privati
1691 1362 1890 1451 facti
1915 1369 2056 1433 sint
2082 1389 2103 1431 .·
2142 1389 2379 1462 neque
2412 1365 2616 1436 intel-

488 1472 741 1568 ligere,
789 1471 1095 1543 nocendi
1133 1471 1273 1542 sibi
1320 1470 1589 1542 diutius
1635 1487 1784 1541 tum
1818 1486 2250 1567 potestatem
2301 1489 2616 1570 ereptam

487 1608 637 1652 esse
652 1634 674 1666 ‚
712 1606 856 1651 non
877 1605 1187 1676 poenam
1228 1586 1655 1678 irrogatam3
1682 1586 1951 1679 quippe
1986 1597 2056 1650 et
2083 1581 2371 1679 collegis
2406 1583 2615 1655 abro-

480 1702 737 1787 gatum
769 1695 1182 1786 imperium,
1217 1696 1348 1786 qui
1377 1706 1561 1760 certe
1585 1689 1773 1761 nihil
1796 1688 2280 1787 deliquissent.
2323 1691 2494 1762 Illos
2515 1716 2614 1763 re-

470 1816 804 1897 peterent
832 1797 1157 1871 animos⁸
1186 1804 1523 1893 Quirites,
1565 1825 1747 1896 quos
1781 1800 2045 1872 recenti
2073 1800 2283 1873 clade
2315 1818 2615 1899 accepta

491 1910 939 1997 habuissent,
979 1934 1204 2007 quum
1227 1911 1429 2006 fuga
1465 1908 1824 2013 trepidum
1845 1963 1863 1992 ,
1893 1910 2196 2008 plenum
2232 1911 2614 1983 vulnerum

486 2046 576 2093 ac
598 2047 873 2119 pavore
909 2021 1330 2093 incidentem
1355 2026 1623 2118 portis,
1657 2028 2053 2091 exercitum
2082 2020 2423 2109 viderint,
2467 2047 2617 2092 non

463 2135 886 2223 fhrtunam,
917 2148 1049 2202 aut
1078 2154 1522 2228 quemquam
1560 2129 1901 2216 deorum,
1929 2128 2062 2201 sed
2087 2130 2218 2201 lios
2249 2129 2470 2200 duces
2502 2154 2616 2202 ac·

484 2262 865 2315 cusantem.
911 2250 1055 2313 Pro
1088 2256 1275 2312 certo
1309 2264 1387 2309 se
1422 2239 1697 2310 habere
1714 2294 1734 2326 ,
1770 2246 2127 2311 neminem
2156 2244 2232 2308 in
2268 2243 2616 2311 concione

483 2372 713 2440 stare,
758 2360 888 2452 qui
924 2351 1051 2425 illo
1100 2352 1221 2423 die
1261 2376 1407 2422 non
1456 2368 1717 2449 caput,
1763 2352 2091 2436 domum,
2119 2355 2615 2448 fortunasque

481 2460 580 2534 .L.'
606 2468 909 2559 Virginii
937 2488 1027 2534 ac
1058 2468 1150 2532 M
1152 2462 1185 2532 '.
1228 2466 1452 2558 Sergii
1481 2468 1575 2532 sit
1611 2479 2021 2534 exsecratus
2059 2459 2605 2558 detestatusque.

480 2579 781 2645 Minime
802 2579 1197 2657 convenire,
1228 2573 1489 2670 quibus
1519 2577 1736 2645 iratos
1762 2580 2062 2672 quisque
2082 2572 2257 2645 deos
2270 2588 2611 2671 precatus

477 2691 597 2767 sit,
632 2690 705 2755 in
745 2690 832 2755 iis
864 2709 1002 2755 sua
1017 2698 1406 2783 potestate,
1438 2709 1663 2782 quum
1706 2685 1920 2756 liceat
1951 2700 2021 2754 et
2056 2700 2418 2783 oporteat,
2462 2704 2608 2752 non

482 2802 656 2867 uti9.
686 2800 1095 2894 Nunquam
1130 2793 1306 2865 deos
1337 2801 1529 2893 iPsos
1571 2795 1957 2867 admovere
1994 2795 2409 2865 nocentibus
2450 2816 2608 2862 ma-

476 2930 654 2994 nus,·
682 2911 855 2976 satis
890 2929 1072 2992 esse,
1104 2910 1168 2975 si
1198 2912 1568 2977 occasione
1595 2904 1986 2974 ulciscendi
2019 2902 2220 2972 loesos
2254 2915 2562 2970 arment.

574 3019 733 3085 XII.
778 3016 905 3085 His
951 3014 1404 3086 orationibus
1448 3015 1739 3084 incitata
1787 3009 1993 3106 plebs
2039 3009 2244 3080 denis
2287 3006 2609 3081 millibus

473 3112 627 3195 :eris
663 3126 890 3221 gravis
919 3150 1079 3197 reos
1107 3123 1573 3207 condemnat,
1610 3118 2098 3215 nequidquam
2140 3118 2388 3216 Sergio
2424 3121 2606 3188 Mar·

473 3249 621 3306 tem
637 3260 1098 3309 communem
1115 3247 1135 3277 ¹
1161 3234 1332 3305 belli
1345 3231 1857 3324 fortunamque
1873 3229 2602 3328 accusante‚Virginio

544 3398 592 3476 ᾗ.
627 3417 719 3462 Tot
726 3415 955 3480 judiciis,
982 3425 1176 3463 senatus
1192 3446 1207 3472 ‚
1241 3411 1413 3475 populi
1440 3423 1490 3459 et
1579 3407 1784 3456 debetur
1797 3409 2133 3458 Em.-——Mox
2152 3410 2281 3459 forte
2294 3409 2389 3473 leg.
2400 3409 2601 3472 plenum

469 3493 1062 3561 collegarmn,consbssos,
1075 3506 1337 3557 oppressos
1354 3490 1492 3553 quasi
1576 3489 1836 3536 vulnerum
1859 3503 1922 3535 ac
1938 3488 2138 3551 pavoris
2165 3506 2184 3536 .·
2213 3489 2309 3537 nisi
2330 3488 2600 3537 orationem

470 3586 520 3624 et
545 3586 817 3640 prostratos
847 3573 1159 3639 (metaphora
1185 3569 1440 3634 desumpta
1463 3587 1491 3618 a
1579 3568 1766 3616 variare
1793 3568 1951 3616 voluit
1976 3566 2156 3615 Livius.

467 3654 578 3702 telis
606 3655 839 3719 gladiisve
853 3689 868 3714 ‚
904 3663 959 3701 ut
991 3652 1044 3698 in
1068 3648 1294 3715 jugulari
1328 3648 1484 3714 (proev-
1652 3662 1700 3709 9.
1723 3650 1783 3695 ln
1805 3647 1864 3695 iis
1879 3664 1971 3695 sua
1982 3657 2225 3711 potestate
2240 3660 2337 3693 non
2358 3642 2457 3699 uti,
2484 3658 2599 3692 con·

467 3732 818 3798 damnatosque
831 3732 976 3782 tacite
990 3727 1301 3797 pra-judicio,
1316 3728 1486 3776 venire
1573 3726 1646 3774 fer
1672 3727 1737 3774 ad
1757 3728 1859 3787 VI,
1886 3743 1951 3775 αα
1974 3760 1990 3785 ,
2014 3742 2066 3775 ιι.
2100 3741 2145 3774 1.
2326 3711 2342 3730 ¹

466 3825 598 3857 nunc
640 3813 755 3859 satis
794 3812 1024 3860 audacter
1065 3809 1139 3857 ad
1160 3808 1337 3872 populi
1346 3806 1485 3872 judi-
1645 3806 1768 3855 Cu.
1801 3809 1921 3854 ΧΠ.
1968 3822 2014 3852 1.
2055 3806 2265 3852 Martem
2300 3814 2597 3849 communem

467 3888 609 3935 cium.
640 3917 712 3926 —-
736 3889 999 3955 Dqfimctos
1029 3906 1081 3937 se
1106 3905 1232 3947 esse,
1277 3887 1390 3935 vide
1423 3885 1488 3934 ad
1576 3885 1718 3941 belli,
1749 3885 1994 3933 fortunam
2024 3883 2164 3941 belli,
2203 3881 2281 3931 cui
2306 3894 2475 3928 omnes
2495 3877 2599 3926 sint

467 3969 542 4025 11,
568 3968 629 4013 35
642 4002 657 4026 ‚
682 3985 732 4015 n.
761 3984 809 4014 2.
1575 3964 1793 4012 obnoxie
1812 3974 2084 4028 pugnantes
2099 3994 2114 4019 ,
2134 3960 2211 4008 vel
2225 3975 2335 4023 quae
2346 3957 2408 4006 nd
2427 3971 2598 4004 omnen

539 4045 588 4094 8.
628 4045 746 4092 Illos
781 4046 943 4107 itaque
970 4057 1236 4109 repeterent
1269 4046 1482 4101 animos,
1574 4043 1818 4106 pertineat
1833 4076 1848 4100 ‚
1872 4043 2125 4104 faveatque
2149 4038 2299 4113 modo
2316 4036 2394 4084 his
2409 4070 2424 4094 ‚
2446 4034 2597 4084 modo

469 4123 755 4188 reciperent.
779 4148 849 4160 --
879 4124 1097 4185 Accepta
1123 4120 1387 4172 delendum*
1410 4123 1484 4170 vi-
1572 4121 1670 4169 inin
1685 4154 1700 4181 ,
1718 4131 1775 4167 ut
1800 4121 1900 4168 VII
1916 4153 1932 4179 ,
1953 4122 1981 4168 8
2008 4135 2113 4185 pr.;
2137 4119 2282 4178 vm,
2325 4131 2347 4162 1
2361 4131 2383 4163 1
2415 4125 2465 4163 et
2495 4115 2560 4162 23
2582 4130 2596 4173 ς
