3000 4717
510 356 645 429 312

1355 363 1433 436 T.
1497 363 1779 430 LIVII

2336 343 2387 382 A.
2406 345 2454 384 C.
2481 344 2576 386 ³66.

2337 403 2392 442 U.
2412 404 2456 445 G.
2481 406 2576 446 ³86,

506 475 863 548 tractandi
896 480 1175 551 animos
1208 480 1470 578 plebis,
1519 462 1870 579 primores
1905 486 2197 582 Patrum
2232 483 2630 577 productos

502 588 1019 686 interrogando
1041 589 1134 664 de
1153 592 1484 689 singulis,
1513 616 1676 688 quae
1695 589 2111 663 ferebantur
2129 591 2215 662 ad
2241 593 2627 690 populum,

500 696 896 796 fatigabant
924 727 941 771 ε
974 701 1445 773 Auderentne
1469 700 1876 799 postulare,
1909 718 1988 773 ut
2004 755 2025 788 ,
2059 726 2286 799 quum
2314 703 2490 774 bina
2499 703 2626 798 ju-

493 833 671 905 gera
699 807 901 907 agrt‘5
916 810 1132 908 plebi
1152 811 1663 899 dividerentur,
1699 818 1868 909 tp5t’s
1884 811 2062 910 plus
2092 818 2487 908 quingenta
2506 815 2629 908 ju·

496 941 671 1016 gera
706 919 978 990 habere
1014 919 1300 992 lt‘ceret?
1343 928 1430 994 Ut
1464 922 1741 1015 singuli
1755 946 1993 1020 prope
2018 938 2491 993 trecentorum
2526 928 2631 992 ci-

504 1035 692 1101 vium
719 1031 1172 1127 possiderent
1203 1056 1418 1127 agros
1428 1058 1455 1118 ‚·
1464 1031 1760 1129 plebeio
1795 1032 2066 1101 homini
2084 1036 2219 1101 vix
2245 1030 2353 1100 ad
2371 1046 2625 1107 tectum

498 1147 971 1214 necessarium
985 1193 1009 1227 ,
1039 1158 1171 1211 aut
1199 1140 1435 1216 locum
1461 1140 1851 1239 sepulturoe
1864 1194 1882 1225 ,
1906 1166 2080 1213 suus
2096 1157 2378 1239 pateret
2397 1144 2625 1239 ager?

500 1255 577 1328 A
576 1278 627 1321 n
660 1250 999 1348 placeret
1012 1306 1032 1337 ‚
1072 1253 1339 1343 senem
1397 1258 1948 1325 circumventam
1995 1250 2289 1349 plebem
2332 1257 2581 1348 potius
2598 1304 2619 1336 ‚

500 1386 720 1459 quam
746 1376 939 1435 sorte
966 1364 1319 1436 creditum
1345 1362 1603 1450 solvat,
1639 1387 1898 1460 corpus
1928 1369 2001 1433 in
2029 1387 2321 1433 nervum
2348 1386 2437 1433 ac
2459 1386 2623 1459 sup-

485 1469 718 1565 plicia
767 1473 949 1544 dare
962 1469 994 1515 ⁶
1032 1502 1054 1543 .·
1101 1490 1171 1546 et
1197 1478 1546 1569 gregatim
1585 1471 1903 1570 quotidie
1947 1472 2042 1543 de
2068 1471 2252 1564 foro
2296 1469 2621 1541 addictos

498 1578 700 1665 duci,
741 1596 813 1651 et
837 1581 1104 1678 repleri
1124 1589 1384 1654 vt‘ncttls·
1417 1583 1694 1655 nobiles
1720 1583 2018 1654 domos?
2047 1597 2150 1667 et,
2189 1580 2623 1677 ubicumque

490 1694 842 1787 patricius
876 1690 1183 1776 habitet,
1236 1692 1367 1764 ubi
1391 1719 1751 1769 carcerem
1771 1699 2145 1791 privatum
2180 1700 2367 1762 esse⁷
2392 1692 2430 1759 :²

595 1801 947 1884 XXXVII.
988 1806 1154 1872 Haec
1185 1801 1481 1901 indigna
1510 1802 2062 1899 miserandaque
2097 1801 2349 1872 auditu
2391 1824 2620 1895 quum

497 1908 692 2005 apud
721 1912 1061 1984 timentes
1088 1911 1374 1990 sibimet
1403 1915 1597 2011 ipsos
1616 1967 1636 1999 ‚
1668 1915 1938 2009 majore
1971 1913 2419 1984 audientium
2448 1909 2622 1979 indi·

497 2022 872 2116 gnatione,
902 2047 1120 2119 quam
1157 2050 1283 2095 sua
1307 2077 1327 2112 ,
1361 2026 1891 2122 increpuissent
1913 2038 1934 2069 1
1973 2053 1989 2095 ε
2020 2032 2230 2122 atqui
2249 2048 2384 2096 nec
2410 2047 2620 2120 agros

567 2219 615 2268 5.
637 2220 759 2267 Bina
760 2220 942 2287 jugera
957 2221 1091 2286 agri,
1110 2237 1216 2289 quae
1229 2222 1514 2290 plerumque

494 2298 683 2346 colonie
708 2298 1068 2348 dividebantur.
1105 2300 1289 2350 Confer
1316 2301 1378 2347 ad
1406 2317 1511 2364 cap.

502 2377 590 2435 ιδ,
616 2395 667 2425 ιι.
693 2394 749 2437 7;
774 2379 982 2436 xxm,
1010 2386 1103 2440 493
1126 2390 1174 2428 et
1200 2379 1265 2426 ad
1286 2379 1511 2430 Juvenal.

492 2457 635 2515 xlv,
664 2458 760 2504 163
779 2473 880 2520 seq.
903 2483 969 2493 —
987 2460 1170 2514 Locum
1190 2459 1445 2523 sepultura
1462 2470 1514 2505 et

487 2534 626 2584 busta
640 2569 655 2592 ‚
673 2551 780 2598 quae
799 2535 918 2583 olim
937 2536 990 2582 in
1009 2539 1135 2600 agris
1149 2529 1252 2585 esse
1264 2536 1512 2596 solebant,

493 2613 606 2662 vide
623 2614 835 2662 Victorii
861 2616 981 2662 Var.
1011 2618 1144 2663 det.
1167 2617 1312 2674 XIV,
1335 2631 1420 2664 αι.

558 2694 607 2741 6.
642 2696 721 2742 An
736 2695 981 2757 placeret,
1004 2695 1196 2758 plebem
1207 2694 1382 2759 fincte
1415 2694 1509 2741 cir-

484 2759 784 2820 cumventam
800 2808 816 2830 ‚
847 2787 1128 2838 oppressam
1147 2784 1194 2822 et
1213 2772 1478 2821 demersam
1491 2807 1509 2835 ,

484 2868 658 2917 corpus
675 2852 844 2916 potius
878 2855 928 2898 in
951 2867 1145 2900 nemum
1177 2861 1241 2899 'ac
1270 2852 1510 2916 supplicia

483 2931 634 2989 dare,
678 2948 827 2995 quam
866 2931 967 2978 sola
1011 2943 1141 2978 sorte
1191 2931 1296 2979 sine
1350 2931 1511 2978 usuris

485 3011 701 3068 reddita,
726 3010 804 3067 id,
831 3009 968 3076 quod
985 3009 1082 3073 ipsi
1099 3009 1332 3057 creditum
1354 3020 1480 3057 esset
1494 3042 1510 3066 ,

482 3090 687 3138 solvere:
702 3105 811 3153 quae
825 3088 1089 3151 indignitas
1102 3089 1155 3135 in
1168 3103 1227 3134 eo
1240 3088 1401 3151 posita
1410 3098 1509 3147 est,

483 3168 618 3231 quod
646 3167 838 3232 patricii
855 3167 998 3214 melle
1017 3166 1301 3214 viderentur
1321 3166 1510 3230 suppli-

482 3248 611 3294 cium
630 3247 814 3311 plebis,
839 3247 1023 3296 etiamsi
1044 3245 1303 3310 perderent
1321 3255 1504 3293 sortem

480 3327 716 3376 creditam
734 3342 832 3374 uua
860 3341 972 3374 cum
996 3324 1181 3382 uem-is,
1204 3337 1349 3387 quam
1372 3324 1505 3372 illam

480 3407 586 3454 sine
638 3406 716 3453 his
757 3405 978 3469 accipere
1030 3402 1268 3452 ineolumi
1316 3402 1462 3467 plebe
1486 3420 1503 3463 3

481 3486 667 3535 Stroth.
694 3483 777 3533 Ad
799 3483 906 3531 hee
930 3493 979 3529 et
995 3497 1131 3545 seqq.
1150 3482 1322 3529 confer
1345 3481 1408 3530 ad
1426 3484 1476 3529 11
1488 3516 1505 3542 ,

481 3566 579 3624 23,
599 3581 650 3616 ιι.
678 3565 851 3624 13111,
875 3568 1039 3620 44,ιι.
1061 3559 1235 3620 53vt,
1261 3569 1355 3619 14,
1374 3576 1424 3610 n.
1443 3561 1500 3621 ὃς

477 3655 527 3694 et
540 3646 657 3702 XV,
678 3658 703 3703 7
718 3656 735 3704 ς
758 3639 888 3690 uude
900 3650 1063 3705 patet,
1079 3640 1237 3703 legem
1250 3656 1277 3688 a
1290 3639 1501 3688 tribunis

473 3723 619 3773 latam
634 3757 650 3781 ,
680 3734 736 3771 ut
756 3721 1053 3770 fenemtores
1068 3719 1172 3772 soh
1190 3731 1322 3769 sorte
1339 3730 1501 3769 essent

475 3802 696 3851 contenti
713 3836 727 3860 ‚
770 3811 820 3849 et
858 3799 921 3847 de
959 3799 1120 3864 capite
1151 3798 1472 3848 deduceretur
1483 3833 1500 3858 ,

476 3880 613 3943 quod
638 3879 796 3926 usuris
817 3889 1210 3943 pernumeratum
1228 3889 1368 3927 esset.
1388 3878 1498 3927 Ple-

476 3956 583 4004 bem
591 3990 608 4012 ,
634 3956 861 4019 nipott’us
874 3989 890 4012 ,
907 3972 1056 4021 quam
1067 3968 1246 4003 sortem
1263 3956 1498 4014 creditum

476 4034 659 4088 solvat,
689 4043 782 4080 ete.
810 4032 924 4081 edd.
946 4044 1059 4082 ante
1077 4034 1227 4082 Drak.
1252 4044 1497 4099 corrupte.

477 4109 575 4162 Sed
592 4125 686 4157 nee
700 4120 867 4157 nostra
884 4110 1032 4158 lectio
1043 4112 1161 4159 satis
1176 4112 1337 4176 placet
1353 4113 1499 4161 nobi·

1603 2233 1651 2269 et
1677 2222 1888 2277 Bauero,
1920 2220 2004 2283 qui
2038 2219 2145 2267 haee
2171 2218 2363 2267 notavit
2387 2232 2400 2266 ε
2436 2239 2462 2259 a
2487 2215 2621 2280 Quid

1601 2299 1732 2348 enim
1744 2300 1808 2346 sit
1818 2333 1833 2357 ‚
1840 2299 2006 2362 potius
2019 2297 2067 2345 ἰη
2079 2314 2272 2345 nervum
2289 2297 2413 2346 dare
2429 2312 2615 2360 corpus,

1601 2394 1750 2442 quam
1771 2377 2007 2426 creditum
2032 2377 2245 2426 solvere?
2279 2375 2454 2440 Neque
2489 2374 2617 2423 enim

1600 2473 1754 2508 nervo
1779 2457 1916 2508 daret
1949 2472 2127 2524 corpus
2140 2489 2157 2515 ‚
2192 2455 2233 2503 si
2259 2455 2496 2503 creditum
2521 2455 2618 2502 sol·

1600 2548 1736 2585 veret
1753 2533 1766 2585 !
1784 2536 1916 2599 Quid
1935 2535 2111 2585 deinde
2130 2536 2194 2583 sit
2208 2547 2337 2582 sorte
2353 2534 2618 2582 creditum?

1598 2616 1681 2663 An
1691 2613 1859 2680 pott’us
1876 2627 2030 2673 sorte,
2051 2615 2107 2662 id
2125 2626 2198 2662 eet
2210 2647 2226 2672 ,
2246 2630 2391 2679 quam
2408 2612 2618 2660 sortem?

1597 2695 1733 2757 Quid
1759 2710 1876 2759 ergo
1907 2694 2136 2744 differant
2159 2709 2261 2741 sors
2280 2703 2328 2740 et
2348 2692 2619 2740 creditum?

1597 2774 1681 2822 An
1720 2785 1849 2821 sorte
1887 2773 2121 2822 creditum
2156 2773 2334 2820 solvere
2369 2785 2498 2835 pro:
2529 2787 2618 2835 per

1598 2864 1779 2900 sortem
1794 2886 1809 2910 ,
1835 2868 1930 2916 qua
1954 2861 2160 2909 sortem,
2188 2851 2372 2897 scilieet
2395 2849 2617 2897 deductis

1597 2931 1757 2979 usuris
1770 2932 1794 2980 i·
1808 2931 1878 2978 At
1891 2930 1968 2982 hae
1979 2945 2083 2980 non
2099 2940 2235 2979 erant
2249 2928 2616 2977 creditaeltorte

1598 3009 1693 3072 leg.
1721 3009 1776 3055 m·
1797 3008 1930 3055 ocius
1953 3019 2131 3055 sortem
2156 3007 2391 3055 creditam
2411 3008 2615 3056 solvat.»

1598 3113 1670 3123 —
1685 3087 1879 3135 Nobiles
1903 3086 2072 3134 domos
2085 3104 2105 3142 ;
2130 3087 2297 3134 Lovel.
2319 3095 2346 3142 4
2361 3122 2375 3146 ,
2410 3088 2463 3146 5,
2491 3088 2616 3134 Har·

1597 3164 1682 3214 lei.
1705 3181 1807 3217 ¹sec.
1844 3165 2059 3213 Haverk.
2098 3169 2366 3230 Fragment.
2404 3168 2530 3214 Htw.
2566 3176 2616 3215 et

1592 3245 1797 3293 Hearnii
1819 3246 2119 3294 OxonIeusie
2141 3249 2180 3295 B
2194 3280 2209 3304 ,
2234 3245 2467 3293 nobilium
2494 3260 2618 3310 prae·

1590 3324 1753 3374 ferunt
1773 3342 1788 3384 ς
1837 3325 1925 3373 sed
1964 3326 2139 3390 optimi
2182 3325 2434 3389 vulgatum
2474 3334 2616 3373 tuen-

1592 3414 1697 3463 tur;
1720 3404 1856 3468 quod
1893 3420 2009 3452 eane
2045 3404 2328 3469 elegantius.
2365 3404 2448 3451 Sic
2482 3401 2616 3466 apud

1591 3483 1914 3534 Claudianum
1943 3484 2169 3530 trabeata
2195 3482 2390 3539 domus,
2418 3481 2470 3529 iu
2496 3482 2614 3529 Pan.

1591 3563 1730 3611 Man.
1749 3562 1940 3614 Theod.
1970 3579 2020 3609 v.
2049 3562 2168 3621 337,
2202 3581 2227 3602 α
2248 3561 2486 3608 Decurrat
2515 3570 2615 3607 tra·

1590 3641 1731 3691 beata
1744 3641 1944 3698 domus,
1962 3639 2219 3702 tradatque
2234 3654 2428 3688 secures
2439 3639 2614 3688 Mutua

1587 3723 1864 3786 poeterim.
1884 3742 1911 3762 a
1936 3721 2029 3768 En.

1612 3823 1623 3838 ·
1664 3816 1711 3860 7.
1741 3798 1991 3847 Cat-cerem
2003 3794 2248 3860 privatum
2265 3810 2391 3854 esse,
2420 3795 2534 3849 vide
2549 3795 2614 3844 ad

1586 3881 1637 3937 1,
1664 3879 1728 3928 33
1741 3912 1757 3937 ‚
1779 3894 1830 3926 ιι.
1852 3893 1873 3924 ι
1888 3892 1930 3923 ι.

1656 3957 1778 4006 Cu·-
1805 3954 2077 4004 xxxvn.
2103 3968 2146 4001 1.
2165 3955 2287 4002 Hoec
2307 3968 2457 4017 quum
2478 3952 2619 4017 apud

1588 4034 1805 4084 timentes
1828 4033 2021 4082 sibimet¹
2041 4032 2200 4096 ipsos,
2229 4031 2335 4079 ecil-
2362 4030 2583 4095 plebeios
2596 4065 2613 4090 ,

1588 4112 1954 4177 increpuissent,
1975 4110 2090 4159 vide
2111 4110 2176 4159 ad
2193 4111 2296 4169 111,
2319 4110 2368 4167 3,
2389 4125 2442 4159 ιι.
2476 4125 2523 4158 ι.
2541 4136 2614 4148 -
