3000 4717
456 372 503 410 A.
531 368 577 410 C.
600 366 823 415 Ami—403.

409 438 414 443 -
459 430 833 482 U.C.348—-349·
911 386 1223 456 LIBER
1271 383 1404 454 IV.
1466 382 1680 451 CAP.
1733 381 2008 450 LVIII.
2377 398 2499 446 111

403 517 697 581 retineri.
729 506 1032 581 Nullum
1060 532 1333 577 annum
1362 529 1508 576 esse
1518 558 1539 589 ,
1573 525 1718 599 quo
1745 526 1888 571 non
1917 509 2071 573 acie
2103 499 2511 571 dimicetur:

405 636 504 707 et,
551 635 897 716 tanquam
922 615 950 660 ⁸
981 624 1339 715 poeniteat
1377 615 1677 701 laboris,
1725 638 1985 683 novum
2038 612 2301 683 bellum
2353 637 2515 683 cum

379 731 709 825 finitimo
741 729 1030 826 populo
1082 745 1153 798 et
1178 731 1677 826 potentissimo
1710 731 2014 820 parari,
2057 729 2190 819 qui
2233 748 2517 794 omnem

404 844 774 910 Etruriam
802 846 889 909 sit
920 845 1410 911 concitaturus.
1442 842 1609 906 Haec
1635 861 1761 905 sua
1791 848 2048 932 sponte
2080 834 2373 928 agitata:
2407 834 2518 901 in-

405 939 621 1044 super
648 947 924 1020 tribuni
944 947 1175 1045 plebis
1195 948 1630 1020 accendunt:
1649 952 2061 1016 Maximum
2096 942 2360 1013 bellum
2387 947 2525 1011 Pa-

406 1058 626 1127 tribus
677 1084 838 1128 cum
875 1058 1098 1156 plebe
1154 1085 1303 1128 esse
1362 1058 1693 1128 dictitant
1734 1083 1749 1123 ε
1799 1082 1958 1125 eam
2018 1054 2111 1124 de
2164 1053 2524 1123 industria

406 1165 832 1236 vexandam
885 1168 1140 1237 militia
1188 1165 1844 1261 trucidandamque
1893 1164 2210 1234 hostibus
2260 1164 2528 1258 objici:

410 1300 577 1345 eam
600 1277 872 1373 procul
902 1277 1087 1347 Urbe
1124 1277 1378 1346 lzaberi
1404 1292 1625 1372 atque
1661 1274 2010 1369 ablegari,
2043 1292 2134 1342 ne
2166 1272 2373 1343 domi
2385 1299 2531 1370 per

401 1390 637 1473 ‘otium
676 1411 949 1456 memor
983 1387 1321 1458 libertatis
1357 1385 1986 1481 coloniarumque,
2028 1398 2161 1453 aut
2192 1389 2353 1476 agri
2374 1411 2528 1480 pu-

414 1495 609 1581 blici,
642 1512 772 1566 aut
795 1497 1139 1593 suffragii
1157 1496 1375 1565 libere
1374 1495 1679 1584 fhrendi
1696 1491 1991 1563 consilia
2021 1500 2283 1588 agitet:
2312 1518 2529 1591 pren-

414 1621 797 1702 santesque
822 1622 1199 1676 veteranos
1217 1660 1235 1693 ‚
1267 1604 1622 1702 stipendia
1649 1605 2000 1701 cujusque
2028 1619 2101 1674 et
2123 1604 2422 1675 vulnera
2453 1629 2532 1675 ac

417 1718 777 1788 cicatrices
804 1716 1315 1787 numerabant:
1345 1716 1688 1814 quidjam
1708 1721 1958 1812 integri
1973 1740 2120 1786 esse
2138 1725 2212 1785 in
2238 1740 2534 1812 corpore

417 1815 555 1896 loci
578 1826 687 1895 ad
715 1850 902 1895 nova
939 1825 1243 1896 vulnera
1275 1824 1701 1923 accipienda
1721 1826 1759 1892 Ρ
1784 1825 1966 1921 quid
1982 1837 2240 1922 super9
2260 1831 2536 1919 sangui-

347 1949 360 1961 '
417 1944 570 2024 nis,
612 1945 744 2035 qui
782 1939 951 2008 dari
970 1965 1115 2036 pro
1157 1938 1534 2037 republica
1565 1938 1868 2034 posset?
1900 1938 2313 2033 rogitantes.
2369 1941 2537 2005 Haec

418 2073 649 2144 quum
692 2050 769 2119 in
813 2049 1267 2120 sermonibus
1312 2047 1929 2144 concionibusque
1979 2046 2346 2118 interdum
2387 2048 2539 2141 agi-

418 2173 650 2231 tantes
693 2162 1109 2232 avertissent
1145 2161 1432 2259 plebem
1474 2160 1565 2231 ab
1607 2159 2060 2257 suscipiendo
2097 2156 2329 2244 belm,
2368 2180 2537 2254 pro-

419 2268 727 2342 fertur10
758 2287 1040 2370 tempus
1080 2270 1390 2343 ferendae
1425 2272 1643 2368 legis;
1688 2295 1943 2366 quam,
1982 2271 2042 2340 si
2078 2268 2401 2362 subjecta
2436 2269 2541 2337 in-

420 2380 623 2451 vidiae
663 2398 884 2472 esset,
930 2384 1289 2480 antiquari
1325 2382 1735 2480 apparebat.

425 2566 511 2613 sed
549 2566 742 2614 diverso
782 2584 952 2627 sensu,
980 2571 1214 2633 jungitur.
1257 2571 1437 2618 Confer
1525 2571 1680 2634 legem
1708 2571 1853 2620 latam
1869 2572 2155 2637 probantes:
2174 2585 2285 2617 nam
2304 2583 2480 2634 rogare
2498 2578 2547 2614 et

427 2661 468 2692 c.
491 2645 582 2706 55,
606 2645 671 2692 56
686 2680 701 2704 ,
729 2646 792 2692 58
821 2663 897 2710 pr.
1512 2649 1651 2713 ferre
1676 2650 1856 2698 dicitur
1876 2650 2204 2713 magistratus,
2232 2649 2318 2711 qui
2336 2647 2548 2695 comitiis

498 2726 547 2771 8.
573 2727 828 2788 Tanquam
849 2723 1091 2788 poeniteat
1112 2727 1276 2773 Patres
1304 2727 1438 2774 labo·
1527 2740 1702 2790 praeest
1729 2740 1778 2776 et
1797 2730 1952 2792 legem
1979 2730 2074 2775 fert
2095 2727 2156 2775 ad
2174 2727 2440 2792 populum,
2470 2726 2549 2772 vel

427 2804 492 2851 ris
505 2839 521 2861 ‚
548 2803 663 2851 vide
685 2804 748 2850 ad
769 2806 817 2850 H
837 2838 850 2862 ,
885 2803 913 2850 5
920 2811 950 2858 4.
966 2837 979 2860 ‚
1007 2819 1056 2849 n.
1092 2804 1168 2849 16.
1530 2807 1685 2854 tribus
1704 2819 1864 2870 rogat,
1883 2823 2028 2869 quem
2047 2806 2288 2868 suffragiis
2308 2806 2408 2851 suis
2423 2820 2552 2850 crea-

499 2899 546 2946 9.
574 2883 707 2946 Quid
726 2898 870 2948 super
893 2883 999 2931 scil.
1033 2899 1135 2931 esse
1162 2883 1408 2948 sanguinis
1422 2917 1439 2939 ,
1532 2896 1636 2932 tum
1656 2885 1797 2943 velit,
1823 2896 1915 2931 etc.
1936 2896 1984 2930 at
2007 2884 2180 2948 populi
2199 2893 2269 2931 est
2278 2883 2452 2947 jubere
2468 2894 2552 2929 aut

428 2964 564 3026 quod
593 2964 797 3011 verbum
824 2963 975 3010 modo
1000 2963 1269 3029 praecessit,
1312 2962 1445 3010 unde
1532 2963 1752 3020 sciscere,
1793 2962 1922 3010 unde
1938 2962 2211 3027 plebiscita.
2251 2961 2431 3009 Confer
2453 2961 2551 3018 VI,

429 3044 479 3090 h.
505 3044 539 3090 1.
575 3059 719 3107 super
750 3043 949 3091 mollius
984 3054 1082 3103 est,
1121 3059 1267 3106 quam
1297 3043 1444 3105 vulgo
1538 3043 1627 3102 38,
1646 3060 1695 3089 n.
1729 3042 1962 3100 33v111‚
1996 3042 2081 3099 13,
2108 3057 2157 3088 n.
2187 3057 2242 3101 7;
2265 3042 2343 3098 X,
2370 3042 2397 3087 8
2429 3050 2552 3088 extr.

432 3136 669 3184 superesse
690 3157 705 3178 ,
764 3123 851 3170 sed
900 3123 1061 3186 poetis
1109 3123 1408 3186 frequentius
1433 3156 1447 3181 ,
1537 3134 1585 3170 et
1616 3122 1677 3169 ad
1701 3123 1775 3168 III
1793 3156 1806 3180 ,
1843 3121 1954 3179 64,ιῒ
1974 3137 2025 3169 11.
2062 3121 2107 3167 5.
2147 3120 2197 3168 Si
2228 3136 2340 3168 cum
2366 3119 2553 3184 populo

434 3212 576 3258 quam
600 3200 833 3262 prosaicis
856 3202 1189 3267 scriptoribus.
1537 3200 1694 3265 agitur
1737 3202 1814 3248 vel
1845 3201 1907 3247 ad
1948 3201 2085 3248 illum
2106 3200 2273 3266 fertur
2310 3200 2457 3264 (nam
2487 3199 2557 3247 ita

514 3291 589 3322 10.
601 3270 850 3341 Profertur
871 3291 1051 3344 tempus
1064 3280 1287 3345 serenda:
1315 3279 1445 3345 Iegis,

437 3355 623 3402 scilicet
641 3354 700 3401 de
716 3357 847 3404 bello
857 3360 1144 3408 Veientibus
1160 3359 1423 3407 indicendo
1436 3392 1452 3417 ‚

436 3450 582 3498 quam
598 3434 751 3495 legem
779 3434 1080 3502 (Vorsclzlag
1095 3457 1112 3486 .·
1133 3440 1301 3487 confer
1320 3439 1381 3486 ad
1401 3441 1450 3497 Ι,

439 3517 506 3562 26
520 3550 533 3573 ‚
569 3532 619 3562 n.
650 3513 713 3579 4)
752 3515 937 3562 tribuni
971 3518 1074 3564 mil.
1115 3517 1178 3564 ad
1216 3518 1455 3580 populum

437 3595 562 3641 ferre
583 3595 706 3655 jussi
724 3604 874 3641 erant.
898 3622 969 3629 —
994 3594 1261 3657 Antiquari
1277 3596 1449 3659 legem,

438 3674 573 3732 rejici
607 3688 620 3721 ε
657 3689 769 3720 nam
805 3674 857 3718 in
885 3673 1070 3720 tabellis
1093 3674 1456 3736 reprobantium

441 3752 674 3815 scriptum
701 3763 803 3799 erat
819 3754 881 3798 A.
901 3755 958 3797 P.
977 3751 1027 3798 11.
1062 3768 1104 3798 e.
1128 3752 1324 3813 antiqua
1347 3768 1458 3816 pro-

440 3831 507 3878 bo
528 3865 542 3889 ‚
566 3832 636 3878 nil
652 3830 940 3879 mutandum
958 3845 1132 3877 censeo
1155 3828 1259 3894 (ich
1277 3830 1459 3877 stimme

442 3909 593 3958 dakin
609 3927 657 3957 es
676 3911 810 3973 heym
819 3910 966 3957 Alcen
984 3925 1044 3957 zu
1060 3907 1243 3971 lassen)
1255 3924 1271 3965 3
1283 3920 1338 3956 ut
1351 3925 1462 3956 con-

1539 3282 1709 3340 efiam,
1729 3292 1787 3328 ut
1806 3283 2013 3339 XXIII,
2043 3289 2133 3337 14,
2161 3298 2209 3328 n.
2244 3283 2299 3338 33
2324 3281 2555 3337 XXXII,

1542 3375 1634 3421 29,
1654 3376 1703 3407 n.
1734 3369 1764 3415 4
1785 3376 1800 3421 ;
1831 3371 1879 3408 et
1905 3361 1966 3408 al.
1989 3361 2208 3409 absolute
2232 3361 2410 3408 dicitur
2431 3371 2555 3422 pro:

1544 3441 1624 3487 Iex
1663 3456 1747 3487 seu
1775 3440 1965 3505 rogatio
2004 3441 2077 3487 ad
2092 3442 2325 3505 populum
2334 3435 2560 3503 fertur),

1541 3530 1599 3565 ut
1615 3519 1696 3566 lex
1720 3520 1971 3581 jubeatur,
2006 3536 2060 3566 ea
2086 3519 2255 3584 rogari
2274 3517 2364 3581 (al.
2374 3512 2559 3580 ferri),

1543 3608 1623 3655 ut,
1665 3598 1801 3660 quod
1836 3609 1946 3645 ante
1972 3599 2193 3658 jusserit,
2230 3596 2308 3642 vel
2339 3595 2418 3640 lex
2443 3595 2561 3640 olim

1544 3676 1638 3723 lata
1656 3678 1934 3740 perlataque
1952 3677 2171 3732 tollatur,
2190 3674 2293 3720 haec
2312 3673 2558 3735 abrogari,

1545 3766 1601 3801 ut
1633 3754 1820 3815 aliquid
1848 3755 1909 3799 de
1937 3753 2099 3816 priore
2127 3753 2233 3814 lege
2262 3750 2561 3801 detrahatur:

1549 3849 1635 3883 seu
1661 3833 1904 3889 dematur,
1931 3831 1975 3876 ei
2000 3829 2078 3876 vel
2105 3830 2164 3876 de
2192 3846 2246 3876 ea
2272 3830 2455 3893 aliquid
2481 3832 2564 3878 de-

1550 3910 1720 3975 rogari
1753 3922 1801 3958 et
1823 3908 2056 3973 exrogari
2067 3943 2082 3964 ,
2121 3918 2177 3955 ut
2192 3909 2385 3974 'aliquid
2410 3911 2565 3973 priori

445 4001 518 4038 tra
555 3992 609 4036 V.
639 3991 694 4036 R.
723 3990 772 4036 h.
798 4006 839 4037 e.
876 3989 948 4036 uti
978 4005 1122 4053 rogas
1155 3987 1368 4053 (scilicet
1396 3989 1464 4036 ita
1551 3990 1649 4053 legi
1675 3989 1976 4037 contrarium
2003 3998 2235 4035 statuatur
2263 4000 2310 4035 et
2344 3989 2425 4035 ill-a
2463 4001 2566 4037 tota

445 4070 669 4117 volumus
685 4103 699 4127 ‚
748 4069 973 4129 jubemus
988 4103 1002 4127 ,
1048 4065 1327 4131 sciscimus)
1367 4079 1467 4114 erat
1554 4069 1631 4116 vel
1666 4085 1778 4134 pars
1811 4069 1913 4130 ejus
1953 4066 2175 4127 tollatur,
2220 4067 2317 4131 legi
2342 4068 2569 4131 arrogari

450 4163 549 4194 vox
569 4148 647 4194 vel
675 4147 872 4207 tabella,
898 4165 994 4214 qua
1015 4148 1171 4196 tribus
1189 4147 1467 4205 utebantur,
1556 4146 1688 4212 (vid.
1707 4151 1783 4198 XI
1795 4183 1809 4208 ,
1825 4150 1891 4204 34
1903 4184 1918 4208 ‚
1942 4164 1992 4197 n.
2015 4147 2045 4195 5
2060 4163 2077 4209 3
2095 4159 2144 4196 et
2160 4148 2341 4195 Duker.
2366 4147 2428 4193 ad
2444 4146 2566 4192 Flor.
