3000 4717
2299 369 2348 407 A.
2376 366 2424 407 C.
2453 362 2547 407 ³82.

486 387 621 457 262
1323 389 1398 456 T.
1464 345 1743 456 1j1v11
2299 426 2426 469 uc.
2453 430 2548 481 3,..

485 516 656 583 Pars
703 511 1010 579 maxima
1064 510 1513 607 captivorum
1563 533 1652 580 ex
1693 506 1961 578 Latinis
2011 519 2229 603 atque
2275 510 2608 579 Hernicis

481 619 617 692 fuit
645 644 830 692 :nec
848 619 1228 691 hominum
1256 619 1346 691 de
1375 617 1627 718 plebe,
1663 632 1748 689 ut
1779 616 1974 688 credi
1996 631 2243 714 posset
2268 618 2602 689 mercede

479 730 817 802 militasse
834 732 890 818 ⁴,
942 728 1068 801 sed
1118 730 1482 827 principes
1519 728 1812 827 quidam
1849 726 2248 822 juventutis
2282 727 2601 816 inventi3

477 839 853 912 manifesta
902 838 1111 928 fides,
1157 838 1446 938 publica
1480 863 1622 938 ope
1664 836 1963 909 Volscos
2003 836 2253 909 hostes
2289 837 2600 932 adjutos.

478 950 994 1024 Circeiensium
1026 972 1324 1045 quoque
1365 947 1660 1044 quidam
1697 948 2008 1046 cogniti,
2046 960 2119 1018 et
2144 947 2388 1018 coloni
2416 951 2603 1018 aVe-

473 1060 694 1132 litris:
724 1063 1172 1155 Romamque
1212 1082 1466 1130 omnes
1504 1060 1735 1147 missi,
1774 1055 2415 1157 percunctantibus
2448 1059 2602 1155 pri-

476 1173 804 1246 moribus
839 1177 1134 1244 Patrum
1173 1172 1425 1244 eadem
1447 1228 1467 1262 ,
1511 1198 1673 1272 quae
1706 1173 2069 1259 dictatori,
2116 1170 2599 1245 defectionem

474 1284 586 1354 sui
623 1285 930 1382 quisque
967 1283 1253 1381 populi,
1288 1282 1484 1354 haud
1520 1283 1864 1381 perplexe
1900 1282 2334 1354 indicavere.

566 1399 755 1467 XIV.
782 1396 1108 1465 Dictator
1126 1394 1524 1467 exercitum
1549 1396 1626 1465 in
1656 1395 1926 1466 stativis
1941 1392 2241 1466 tenebat
2256 1447 2276 1482 ,
2299 1392 2599 1464 minime

473 1503 739 1576 dubius
756 1558 776 1592 ,
799 1504 1077 1576 bellum
1095 1525 1263 1575 cum
1282 1504 1393 1575 his
1411 1505 1702 1603 populis
1721 1510 1965 1575 Patres
1981 1504 2307 1598 jussuros
2330 1529 2349 1592 ;
2369 1526 2598 1599 quum

472 1615 706 1708 major
741 1611 940 1682 domi
973 1627 1222 1683 exorta
1247 1614 1474 1686 moles
1494 1625 1517 1657 ¹
1555 1614 1792 1711 coegit
1819 1613 2030 1684 acciri
2059 1617 2363 1683 Romam
2398 1636 2596 1699 eum‚·

471 1722 818 1820 gliscente
841 1722 920 1791 in
943 1722 1094 1794 dies
1120 1722 1476 1795 seditione
1494 1779 1514 1814 ‚
1545 1749 1766 1822 quam
1788 1723 2004 1795 solito
2032 1723 2258 1821 magis
2281 1735 2602 1794 metuen-

468 1833 636 1904 da'm
674 1847 928 1903 auctor
958 1830 1264 1904 faciebat
1294 1861 1310 1903 ε
1351 1859 1504 1905 non
1553 1835 1748 1906 enim
1785 1834 1935 1929 jam
1976 1834 2341 1905 orationes
2373 1831 2598 1903 modo

469 1946 567 2014 M.
608 1943 896 2031 Manlii,
950 1942 1073 2016 sed
1119 1941 1332 2030 facta,
1373 1943 1751 2041 popularia
1788 1946 1866 2015 in
1904 1944 2216 2042 speciem
2235 1953 2291 2032 ²,
2326 1944 2596 2014 tumul-

471 2066 681 2125 tuosa
711 2051 958 2123 eadem
979 2106 999 2140 ,
1028 2077 1173 2149 qua
1193 2061 1439 2122 mente
1462 2051 1756 2144 fierent,
1787 2051 2138 2125 intuenda
2164 2066 2392 2123 erant.
2418 2058 2602 2152 Cen-

470 2164 871 2252 turionem,
902 2160 1223 2232 nobilem
1248 2161 1678 2234 militaribus
1705 2161 1909 2235 factis
1925 2218 1945 2253 ,
1967 2161 2366 2259 judicatum
2381 2171 2600 2258 pecu·

471 2276 608 2343 niae
636 2298 867 2370 quum
896 2269 1106 2343 duci³
1142 2272 1468 2360 vidisset,
1509 2272 1751 2344 medio
1780 2272 1941 2345 foro
1965 2296 2129 2345 cum
2162 2286 2441 2343 caterva
2468 2296 2602 2344 sua

473 2384 784 2454 accurrit
797 2437 816 2471 ,
839 2396 910 2453 et
929 2406 1225 2451 manum
1246 2382 1528 2476 injecit:
1546 2382 2122 2482 vociferatusque
2144 2381 2234 2453 de
2260 2382 2598 2480 superbia

472 2485 794 2574 Patrum',
824 2514 907 2561 ac
928 2488 1351 2561 crudelitate
1369 2490 1859 2565 feneratorum
1872 2549 1892 2583 ,
1914 2508 1988 2565 et
2005 2492 2310 2564 miseriis
2329 2492 2594 2590 plebis,

477 2599 866 2672 virtutibus
903 2600 1059 2695 ejus
1095 2602 1230 2671 viri
1265 2599 1743 2701 fortunaque3
1787 2634 1820 2669 «
1852 2610 2036 2675 Tum
2072 2627 2247 2676 vero
2281 2627 2456 2701 ego,
2491 2605 2598 2673 in-

473 2742 508 2777 «
549 2712 740 2808 quit,
768 2710 1265 2812 nequidquam
1287 2713 1424 2785 hac
1442 2713 1693 2786 dextra
1708 2713 2140 2814 Capitolium
2154 2717 2187 2766 4
2210 2717 2619 2809 arcemque'

472 2853 507 2889 α
550 2822 1012 2911 servaverim,
1042 2824 1101 2893 si
1128 2824 1357 2896 civem
1381 2825 2096 2922 commilitonemque
2114 2847 2361 2895 meum
2376 2876 2396 2912 ,
2421 2836 2594 2906 tam-

541 3029 590 3078 4.
611 3022 676 3067 Ue
689 3019 824 3067 credi
825 3033 994 3084 posset
1003 3022 1219 3069 mercede
1230 3019 1485 3079 militasse,

472 3110 567 3148 etc.
595 3098 778 3148 Confer
803 3115 911 3164 cap.
938 3115 999 3147 10
1023 3111 1147 3149 extr.
1167 3128 1240 3137 -—
1262 3100 1435 3149 Coloni
1455 3117 1492 3148 a

476 3177 694 3234 Velitris,
717 3177 834 3226 vide
859 3177 923 3225 ad
944 3180 995 3237 1,
1026 3178 1116 3237 50,
1141 3195 1194 3228 ιι.
1215 3195 1265 3226 2.

543 3256 665 3305 Cn.
695 3258 838 3305 XIV.
872 3272 915 3304 1.
957 3257 1127 3322 Major
1151 3257 1287 3304 domi
1314 3269 1490 3310 exorta

474 3335 647 3394 moles,
674 3333 790 3383 vide
812 3335 877 3382 ad
903 3337 954 3393 Ι,
981 3335 1143 3393 38,ιι.
1172 3342 1219 3388 4.

544 3431 594 3463 a.
631 3414 746 3461 Non
773 3414 900 3460 enim
924 3413 1038 3479 jam
1073 3412 1330 3461 orationes·
1343 3414 1487 3462 modo

467 3496 539 3543 Μ.
552 3492 756 3550 Manlii,
776 3490 1014 3555 sedsacta
1033 3491 1202 3551 etiam,
1219 3492 1488 3556 popularia

470 3573 521 3621 in
555 3572 759 3638 speciem
799 3568 892 3633 (ut
923 3571 1117 3627 XXIV,
1159 3586 1182 3615 1
1201 3603 1215 3628 ‚
1258 3587 1309 3619 ιι.
1343 3571 1374 3618 5
1389 3587 1405 3630 ;
1438 3582 1488 3620 et

468 3652 716 3710 XXXVI,
728 3649 762 3696 6
773 3664 854 3713 pr.
873 3647 1024 3695 ubire
1039 3664 1164 3696 vera
1183 3649 1484 3714 opponitur:

469 3730 636 3777 confer
662 3729 726 3777 ad
756 3729 839 3786 11,
863 3728 949 3786 32,
978 3743 1027 3775 ιι.
1056 3743 1115 3786 2,
1141 3739 1191 3775 ct
1214 3731 1399 3788 XXII,
1428 3731 1483 3790 3,

467 3824 519 3856 ιι.
545 3806 631 3873 4),
655 3807 950 3856 tumultuosa
968 3805 1137 3853 eadem
1143 3841 1162 3865 ,
1184 3823 1292 3870 quoe
1310 3807 1374 3855 ad
1390 3825 1484 3873 po-

1578 3038 1678 3086 quo
1697 3023 1928 3082 commo,
1940 3022 2148 3091 fierent,
2175 3021 2408 3070 intuenda
2425 3028 2592 3074 erant,

1577 3101 1929 3149 consideranda
1949 3113 1996 3149 et
2016 3100 2389 3170 perpendenda,
2407 3098 2485 3147 vel
2499 3111 2597 3163 pro

1577 3179 1859 3231 intuendum
1886 3191 1996 3227 erat
2020 3197 2041 3227 .-
2070 3179 2165 3228 nisi
2197 3195 2309 3227 eum
2336 3177 2598 3227 Gronovio

1575 3255 1669 3321 leg.
1698 3273 1798 3321 qua
1817 3269 1974 3305 mente
2139 3270 2160 3306 ι
2173 3257 2379 3305 intuenti
2388 3292 2404 3315 ,
2433 3256 2596 3305 consi-

1578 3333 1790 3395 deu-ants,
1808 3351 1908 3399 quo
1925 3338 2134 3385 consilio
2150 3334 2598 3386 fierent—Nostri

1575 3413 1819 3478 vulgatam
1826 3425 2043 3475 tuentur,
2055 3432 2164 3479 quae
2179 3431 2283 3463 non
2290 3413 2594 3464 sollicitanda

1575 3492 1697 3540 mihi
1719 3493 1930 3541 videtur.
1955 3496 2049 3542 En.

1648 3572 1696 3620 3.
1724 3572 2006 3621 Iudicatum
2027 3570 2252 3635 pecunia
2277 3569 2422 3634 (vide
2449 3569 2513 3617 ad
2535 3572 2592 3628 1,

1574 3651 1643 3697 26
1654 3683 1669 3709 ,
1688 3667 1739 3698 ιι.
1764 3648 1818 3715 4)
1836 3667 1984 3715 quum
2001 3649 2117 3697 duci
2128 3648 2356 3705 vidisset,
2372 3659 2429 3696 ut
2444 3664 2564 3696 mox
2575 3663 2593 3697 ε

1574 3727 1624 3775 in
1648 3729 1920 3778 servitutem
1941 3744 2004 3777 ac
2027 3728 2230 3776 vincula
2250 3726 2380 3774 duci.
2413 3726 2594 3775 Confer

1572 3809 1636 3857 ad
1656 3811 1738 3867 11,
1758 3810 1844 3867 23,
1859 3824 1911 3856 ιι.
1941 3825 1985 3856 ι.
1999 3805 2267 3869 ——Regius
2285 3816 2454 3853 noster
2475 3820 2596 3869 pro,

462 3887 571 3952 puli
583 3886 782 3949 quidem
797 3886 1056 3934 utilitatem
1067 3886 1362 3951 gratiamque
1375 3903 1484 3952 cap-
1562 3886 1843 3952 judicatum
1874 3885 2098 3950 pecunia·
2113 3920 2132 3943 ‚
2184 3884 2268 3933 dat
2310 3901 2339 3932 a
2382 3882 2594 3932 secunde

463 3963 664 4012 tandum
701 3974 919 4028 spectare
956 3964 1274 4024 videbuntur,
1307 3965 1395 4012 sed
1429 3981 1484 4012 re

462 4057 576 4088 vera
616 4041 679 4087 ad
713 4041 973 4088 tumultum
999 4043 1348 4091 concitandum
1373 4059 1483 4107 spe-

466 4118 663 4167 ctabant
680 4128 763 4164 aut
774 4128 904 4164 certe
914 4119 1167 4178 valebant,
1179 4138 1280 4185 qua
1298 4133 1454 4170 mente
1461 4156 1480 4179 ,

1579 3982 1751 4024 manu,
1773 3979 1953 4011 nexum
1972 3964 2035 4011 ob
2061 3979 2129 4011 ces
2151 3962 2399 4021 alienum,·
2419 3977 2593 4028 perpe·

1570 4046 1704 4092 ram!
1731 4044 1823 4091 En.

1642 4130 1690 4178 4.
1716 4121 2007 4185 Capitolium
2028 4137 2309 4186 arcemque,
2331 4119 2521 4169 vidend
2536 4121 2591 4180 1,
