3000 4717
419 353 468 389 Α.
495 349 540 389 C.
569 351 659 395 346.

423 411 655 458 meaos.
835 372 1150 438 LIBER
1200 372 1369 439 VII.
1429 377 1643 443 CAP.
1697 379 1988 447 XXIV.
2334 376 2473 451 383

368 524 399 557 «
433 493 606 563 dum
638 493 712 562 in
749 490 1050 561 hostem.
1076 522 1108 555 υ
1136 492 1262 561 Ηί5
1295 494 1914 567 adhortationibus
1950 499 2209 567 iterum
2242 502 2472 571 coorti

363 603 644 726 pellunt
657 603 818 674 loco
831 603 1099 701 primos
1113 603 1521 699 manipulos
1533 605 1938 694 Gallorum3
1959 610 2200 678 cuneis
2212 609 2471 680 deinde

365 714 441 782 in
465 714 784 784 medium
807 739 1064 811 agmen
1084 731 1583 814 perrumpunt.
1602 717 1783 788 Inde
1809 716 2095 788 barbari
2119 719 2435 816 dissipati
2451 775 2470 808 ,

364 806 630 918 quibus
672 849 807 894 nec
849 838 1043 894 certa
1083 825 1413 921 imperia,
1446 850 1580 896 nec
1618 827 1837 928 duces
1875 844 2147 912 essent,
2185 844 2472 900 vertunt

362 932 714 1029 impetum
739 936 816 1003 in
836 945 1036 1021 s'uos3
1065 933 1352 1031 fusique
1370 959 1501 1031 per
1521 962 1851 1035 campos,
1882 954 1952 1009 et
1971 954 2225 1037 praeter
2250 954 2475 1009 castra

363 1043 575 1113 etiam
591 1069 716 1115 sua
732 1043 901 1142 fuga
913 1044 1180 1142 praelati
1193 1043 1245 1134 ⁵,
1267 1045 1465 1142 quod
1482 1047 1951 1118 editissimum
1968 1049 2155 1117 inter
2168 1048 2474 1151 aequales

361 1156 680 1228 tumulos
698 1157 1118 1228 occurrebat
1133 1159 1382 1247 oculiS‚
1405 1182 1639 1229 arcem
1656 1158 1985 1229 albanam
2002 1173 2282 1255 petunt.
2299 1162 2476 1229 Con-

361 1265 493 1355 sul,
513 1292 663 1340 non
681 1269 868 1339 ultra
883 1283 1108 1344 castra
1128 1270 1578 1365 insequutus,
1593 1271 1760 1365 quia
1781 1283 1852 1339 et
1864 1267 2128 1338 vulnus
2144 1269 2473 1366 degrava-

359 1374 513 1464 bat,
547 1393 619 1447 et
657 1377 1001 1473 subjicere
1031 1380 1421 1451 exercitum
1461 1403 1705 1475 pugna
1742 1378 2003 1449 fessum
2044 1379 2340 1449 tumulis
2380 1378 2470 1449 ab

361 1484 564 1556 h'oste
596 1490 956 1585 occupatis
982 1488 1278 1560 nolebat
1297 1545 1315 1578 ‚
1349 1489 1586 1585 praeda
1615 1489 1814 1558 omni
1843 1504 2237 1560 castrorum
2268 1491 2476 1560 militi

361 1593 553 1681 data,
574 1597 919 1667 victorem
937 1600 1330 1669 exercitum
1349 1598 1927 1695 opulentumque
1947 1600 2213 1696 gallicis
2229 1601 2473 1698 spoliis
2499 1597 2503 1600 ’

359 1707 659 1774 Romam
678 1706 983 1778 reduxit.
1000 1714 1278 1779 Moram
1299 1709 1670 1805 triumpho
1687 1711 1947 1780 vulnus
1964 1711 2273 1780 consulis
2292 1725 2475 1783 attu-

358 1813 473 1884 lit·
458 1817 894 1928 ,eademque
914 1844 1122 1890 causa
1143 1820 1503 1890 dictatoris
1525 1820 1956 1890 desiderium
1978 1823 2254 1891 senatui
2275 1820 2471 1911 fecit,

355 1939 439 1994 ut
470 1942 688 2014 esset,
724 1930 850 2024 qui
876 1932 1077 2027 aegris
1111 1926 1529 2001 consulibus
1567 1932 1852 2001 comitia
1880 1929 2200 2001 haberet.
2241 1934 2474 2003 Dicta·
2504 1935 2508 1938 ’

358 2040 564 2105 torL.
587 2039 839 2108 Furius
853 2040 1198 2110 Camillus
1224 2040 1487 2127 dictuS‚
1519 2039 1764 2110 addito
1785 2042 2123 2136 magistro
2148 2042 2474 2136 equitum

354 2149 428 2213 P.
472 2147 808 2218 Cornelio
845 2150 1176 2245 Scipione
1198 2204 1216 2236 ‚
1245 2094 1561 2220 reddidit
1587 2149 1912 2220 Patribus
1950 2151 2472 2245 possessionem

354 2257 728 2349 pristinam
797 2261 1211 2331 consulatus
1232 2288 1250 2348 3
1308 2263 1460 2358 ipse
1518 2249 1619 2330 ob*
1670 2260 1744 2330 id
1800 2261 2135 2329 meritum
2196 2261 2472 2357 ingenti

355 2368 641 2434 Patrum
663 2368 916 2464 ⁸studio
938 2383 1215 2442 creatus
1246 2371 1535 2456 consul,
1566 2370 1913 2468 collegam
1933 2373 2067 2467 Ap.
2094 2370 2471 2441 Claudium

355 2475 684 2542 Crassum
722 2473 967 2546 dixit6.

353 2632 557 2680 vidend
579 2636 667 2695 1v,
693 2632 789 2693 46‘,
826 2652 875 2682 n.
914 2644 961 2690 t..
1003 2663 1072 2672 -
1114 2625 1283 2684 canei,
1321 2639 1370 2684 in

353 2727 524 2775 agmen
537 2725 856 2777 perrumpunt
869 2731 886 2760 :
906 2713 1020 2761 vide
1040 2716 1089 2759 11
1102 2749 1115 2771 ,
1138 2715 1202 2760 5ο
1216 2749 1229 2773 ,
1249 2730 1299 2761 n.
1322 2717 1368 2762 8.

1457 2656 1571 2687 sane
1602 2642 1892 2688 concinnior
1921 2653 1970 2689 et
1991 2641 2257 2705 elegantior
2279 2643 2473 2706 vulgata

1457 2717 1666 2763 videtur.
1691 2719 1861 2765 Nostri
1886 2735 2054 2766 omnes
2081 2721 2229 2766 codd.
2267 2737 2471 2768 consen-

352 2790 417 2839 Τὸ
436 2791 484 2838 t'n
508 2791 600 2840 del.
622 2794 772 2851 forte3
793 2808 884 2840 nec
904 2792 1034 2839 favet
1051 2794 1129 2838 111
1142 2826 1156 2850 ‚
1177 2807 1197 2837 1
1210 2794 1236 2838 8
1253 2809 1266 2850 ;
1285 2792 1371 2838 ubi

352 2869 400 2915 in
430 2882 502 2918 est
525 2888 674 2935 usque
697 2872 774 2928 in,
805 2883 860 2919 ut
881 2872 970 2928 IV,
993 2873 1086 2932 393
1112 2870 1209 2926 ad,
1237 2870 1368 2918 Duk.

422 2949 470 2996 5.
495 2952 680 2997 Praeter
699 2962 863 2998 castra
891 2967 981 2997 sua
998 2949 1224 3013 pra-lati,
1255 2949 1369 2996 vide

351 3026 411 3072 ad
431 3029 507 3085 11,
539 3037 626 3088 14,
650 3045 700 3076 n.
725 3013 778 3077 3.
811 3056 880 3065 —-
920 3028 1162 3093 Subjicere
1184 3028 1367 3074 exerci-

353 3114 450 3150 tum
478 3107 669 3153 tumulis
710 3110 772 3154 ab
802 3108 937 3155 hoste
968 3106 1241 3170 occupatis,
1284 3122 1368 3152 ex-

349 3198 534 3247 ponere
572 3202 680 3242 eum
716 3186 848 3234 hosti
882 3183 1180 3250 superiorem
1203 3186 1366 3232 locum

349 3271 495 3308 nacto
507 3297 523 3322 ‚
546 3274 630 3310 aut
648 3279 707 3310 eo
728 3264 903 3312 ducere
920 3299 933 3322 ‚
951 3264 1037 3311 ubi
1059 3265 1214 3312 hostis
1230 3280 1368 3311 mon-

350 3339 480 3387 tibus
507 3342 757 3404 occupatis
792 3358 853 3388 ex
881 3342 1110 3394 inferiore
1144 3343 1256 3389 loco
1284 3358 1364 3406 ag-

351 3434 563 3482 gressum
591 3420 855 3466 exercitum
892 3420 1162 3480 subjectum
1200 3432 1247 3467 et
1275 3421 1365 3467 ob-

273 3553 278 3560 ·
348 3499 551 3544 noxium
585 3498 694 3544 telis
718 3497 943 3556 haheret3
987 3499 1142 3546 Gron.
1176 3498 1290 3563 (qui
1317 3510 1365 3546 et

347 3575 509 3622 locum
526 3576 658 3622 hunc
683 3592 709 3622 e
722 3577 846 3624 MSS
870 3575 1191 3639 emendavit).
1217 3576 1360 3624 Conf.

347 3671 452 3718 cap.
476 3655 546 3702 35·
567 3667 689 3702 extr.
712 3665 760 3701 et
778 3655 1082 3711 XXXVIII,
1112 3655 1175 3708 46
1198 3671 1273 3718 pr.
1296 3682 1366 3690 —

346 3734 492 3779 Hunc
511 3732 676 3779 locum
696 3734 914 3780 Gronov.
936 3730 1144 3780 affirmat
1165 3734 1218 3778 in
1243 3744 1360 3781 vett.

343 3808 490 3858 libris'
505 3810 574 3857 sic
593 3812 717 3874 legi:
738 3811 908 3857 consul
924 3826 1021 3857 non
1045 3811 1175 3857 ultra
1198 3822 1362 3858 castra

345 3891 638 3953 insequutus,
656 3889 845 3953 quodet
854 3891 1031 3936 vulnus
1045 3889 1358 3954 degravabat,

346 3979 394 4014 et
403 3969 634 4034 subjicere
657 3969 918 4016 exercitum
938 3968 1130 4015 tumulis
1149 3969 1213 4015 ab
1231 3967 1366 4016 hoste

350 4046 592 4111 occupatis
603 4048 801 4095 nolebat
815 4081 828 4105 ‚
838 4047 1017 4111 proeda
1037 4047 1170 4093 omni
1181 4058 1364 4093 castro-

350 4139 454 4170 rum
472 4126 613 4174 militi
631 4127 753 4178 daca
767 4161 783 4188 ,
810 4138 901 4177 etc.
918 4128 1080 4192 Atque
1098 4126 1202 4176 haec
1220 4126 1367 4178 lectio

1458 2794 1587 2841 tiunt
1614 2811 1723 2841 cum
1746 2798 2086 2843 Gronovianis.
2114 2799 2203 2844 En.

1528 2872 1576 2918 6.
1603 2871 1845 2936 Collegam
1859 2875 1954 2936 Ap.
1980 2873 2234 2920 Claudium
2252 2875 2473 2926 Crassum

1458 2949 1615 3006 dixit,
1639 2960 1694 2996 ut
1714 2952 1992 3006 XXXVII,
2019 2960 2078 3010 47
2107 2963 2228 2999 extr.
2256 2953 2349 3001 hoc
2377 2966 2474 3014 est,

1457 3028 1650 3091 rogavit
1673 3027 1819 3094 (vide
1838 3030 1993 3074 XXII
2008 3063 2022 3086 ‚
2051 3029 2115 3075 35
2129 3030 2150 3095 )
2164 3065 2177 3087 ‚
2201 3030 2278 3078 vel
2301 3049 2476 3080 renun-

1458 3106 1598 3154 tiavit
1625 3106 1709 3171 (ut
1736 3122 1852 3153 mox
1877 3122 1983 3170 cap.
2014 3109 2110 3170 26)
2153 3109 2205 3153 in
2233 3113 2474 3172 comitiis,

1459 3184 1635 3248 quibus
1648 3196 1866 3248 praeerat.
1883 3185 2065 3232 Confer
2074 3187 2254 3234 Gruch.
2272 3190 2332 3236 de
2345 3207 2474 3240 com„

1456 3264 1602 3311 Rom.
1613 3266 1636 3309 1
1650 3298 1663 3321 ‚
1676 3271 1703 3318 4
1716 3280 1731 3322 ;
1744 3275 1792 3310 et
1799 3263 1982 3310 Duker.
1992 3264 2119 3310 infra
2132 3265 2194 3311 ad
2202 3269 2473 3328 XXXVII,

1459 3350 1548 3401 47,
1572 3358 1621 3388 n.
1648 3358 1705 3402 73
1727 3342 1813 3388 ubi
1844 3351 2013 3388 monet*
2037 3342 2143 3389 haec
2170 3357 2183 3391 :
2211 3366 2237 3384 «
2256 3347 2472 3394 Omnino

1454 3420 1710 3485 probabile
1747 3431 1845 3478 est,
1876 3420 2012 3482 quod
2049 3420 2169 3467 dicit
2203 3424 2472 3484 Gruchius,

1455 3500 1546 3546 etsi
1575 3499 1697 3545 nihil
1725 3499 1786 3546 de
1813 3516 1868 3546 ea
1895 3515 1946 3546 re
1985 3499 2236 3562 proditum
2271 3502 2473 3565 legitur,

1452 3578 1558 3640 lege
1573 3589 1765 3624 cautum
1780 3578 1928 3625 fuisse
1940 3612 1954 3635 ‚
1980 3589 2035 3624 ut
2047 3614 2062 3635 ‚
2082 3579 2122 3624 si
2142 3590 2329 3626 tantum
2349 3598 2473 3628 unus

1454 3656 1625 3702 consul
1636 3668 1876 3703 crearetur
1887 3691 1901 3714 ‚
1911 3657 2045 3719 quod
2056 3658 2218 3704 caeteri
2228 3659 2473 3709 candidati

1452 3734 1692 3780 centurias
1718 3750 1822 3780 non
1849 3736 2149 3798 explessent,
2186 3737 2229 3782 is
2254 3738 2360 3784 aliis
2388 3755 2472 3786 co-

1452 3812 1626 3870 mitiis,
1659 3812 1737 3859 vel
1756 3824 1983 3874 postero,
2006 3814 2084 3860 vel
2111 3815 2207 3862 alio
2234 3815 2341 3876 die,
2371 3820 2472 3866 col-

1450 3891 1607 3954 legam
1647 3902 1863 3954 rogaret‚
1904 3908 2133 3955 eumque,
2175 3895 2259 3957 qui
2299 3899 2473 3960 populi

1454 3969 1697 4032 suffragiis
1748 3980 1934 4016 creatus
1980 3982 2104 4028 erat,
2157 3976 2469 4025 renuntiaret.

1454 4047 1584 4095 Male
1607 4064 1724 4095 vero
1753 4049 1917 4110 Sigon.
1949 4047 2010 4094 dc
2035 4048 2139 4111 lege
2164 4067 2262 4097 cur.
2291 4069 2395 4117 cap.
2423 4073 2469 4114 7,

1457 4126 1691 4190 collegam
1728 4123 1856 4176 dia-1⁸1
1898 4127 2278 4190 interpretatur:
2314 4134 2472 4180 nomi-
