3000 4717
472 307 605 392 184
1315 310 1389 375 T.
1459 308 1738 376 [ΠΗ
2282 288 2338 388 1¹}ss
2360 287 2409 388 ἓξ
2434 290 2545 390 3335

460 428 672 499 ludos
706 426 975 515 fecere,
1012 450 1196 525 quos
1230 431 1327 497 M.
1367 428 1621 497 Furius
1653 424 1959 496 dictator
1986 439 2278 496 voverat
2314 431 2579 500 veienti

456 537 674 609 bello,
717 536 998 609 Eodem
1042 563 1236 609 anno
1278 536 1462 607 aedes
1500 537 1805 606 Junonis
1833 536 2164 633 reginae2‚
2191 535 2281 607 ab
2319 539 2577 609 eodem

455 647 806 719 dictatore
853 647 1258 744 eodemque·
1302 646 1498 717 bello
1542 658 1742 731 vota,
1791 644 2162 715 dedicatur
2198 673 2214 715 t
2256 645 2577 717 celebra-

454 771 748 855 tamque
784 756 1308 828 dedicationem
1333 756 1611 850 ingenti
1647 768 2140 825 matronarum
2175 755 2412 826 studio
2439 770 2574 827 tra-

453 865 660 937 dunt.
704 867 984 937 Bellum
1021 866 1212 937 haud
1245 861 1708 936 memorabile
1740 865 1815 932 in
1843 864 2098 961 Algido
2135 889 2302 934 cum
2330 868 2575 961 AEquis

445 991 727 1073 gestum
771 992 914 1066 est,
960 975 1135 1046 fusis
1172 973 1501 1046 hostibus
1546 974 1745 1071 prius
1781 998 2022 1070 paene,
2055 1000 2270 1071 quam
2314 1001 2577 1048 manus

452 1101 939 1158 consererent.
974 1086 1299 1170 Valerio,
1365 1083 1564 1180 quod
1607 1086 2177 1180 perseverantior
2218 1085 2575 1159 caedendis

447 1182 524 1264 in
554 1192 722 1293 fuga
753 1195 888 1266 fuit
905 1192 960 1284 ³,
995 1194 1440 1293 triumphus;
1475 1195 1743 1265 Manlio
1762 1249 1780 1282 ,
1813 1207 1894 1266 ut
1922 1219 2144 1264 ovans
2171 1196 2597 1294 ingredere--

447 1317 568 1375 tur
600 1294 906 1394 Urbem,
960 1305 1332 1377 decretum
1373 1319 1501 1376 est.
1540 1290 1811 1376 Eodem
1857 1329 2049 1374 anno
2093 1331 2366 1376 novum
2413 1305 2571 1378 bel-

444 1412 599 1484 lum
654 1441 817 1487 cum
866 1416 1439 1488 Volsiniensibus
1492 1430 1823 1486 exortum
1867 1442 1882 1484 ι
1931 1439 2078 1512 quo
2122 1431 2423 1514 propter
2463 1416 2569 1487 fa·

443 1549 636 1596 mem
689 1527 1319 1624 pestilentiamque
1375 1530 1450 1597 in
1493 1552 1667 1625 agro
1707 1542 2052 1616 romano,
2120 1552 2207 1597 ex
2257 1528 2568 1598 siccitate

445 1635 949 1732 caloribusque
996 1639 1234 1708 nimiis
1282 1652 1553 1725 ortam,
1604 1640 1956 1708 exercitus
1993 1636 2158 1709 duci
2205 1638 2567 1733 nequivit3

443 1743 541 1815 ob
574 1770 735 1841 quae
764 1746 1286 1834 Volsiniense5‚
1323 1748 1808 1845 Salpinatibus
1846 1747 2199 1843 adjunctis
2232 1746 2569 1843 superbia

441 1853 641 1943 elati,
694 1857 889 1928 ultro
933 1883 1141 1956 agros
1184 1884 1526 1929 romanos
1568 1861 2038 1929 incursavere.
2085 1857 2363 1929 Bellum
2400 1855 2568 1927 inde

445 1965 734 2039 duobus
780 1968 1069 2066 populis
1111 1968 1482 2040 indictum.
1541 1972 1622 2038 C.
1659 1968 1888 2038 Julius
1927 1990 2182 2036 censor
2221 1966 2565 2037 decessit:

442 2076 520 2146 in
558 2079 714 2173 ejus
750 2079 995 2150 locum
1018 2085 1117 2151 M.
1147 2082 1525 2151 Cornelius
1558 2076 1943 2149 suffectus:
1977 2101 2136 2172 quae
2171 2100 2281 2145 res
2315 2088 2569 2172 postea

443 2189 779 2287 religioni
826 2190 961 2261 fuit
978 2194 1032 2281 4,
1081 2194 1251 2288 quia
1294 2216 1380 2263 eo
1431 2191 1660 2260 lustro
1711 2195 1933 2259 Roma
1986 2201 2093 2258 est
2139 2201 2380 2283 capta;
2429 2209 2570 2255 nec

443 2297 707 2371 deinde
743 2327 1065 2399 unquam
1102 2306 1178 2372 in
1220 2302 1580 2373 demortui
1621 2300 1855 2370 locum
1891 2323 2148 2369 censor
2179 2295 2564 2368 sufficitur:

444 2408 1012 2507 consulibusque
1063 2410 1322 2479 morbo
1369 2409 1733 2505 implicitis
1790 2408 2096 2504 placuit,
2159 2432 2289 2504 per
2334 2409 2564 2477 inter-

436 2540 745 2614 regnum
784 2522 1117 2591 renovari
1150 2521 1483 2617 auspicia.
1529 2523 1814 2614 Itaque,
1854 2543 2080 2614 quum
2123 2543 2213 2589 ex
2243 2530 2563 2589 senatus-

436 2629 769 2700 consulto
805 2633 1136 2701 consules
1171 2630 1590 2726 magistratu
1619 2644 1692 2699 se·
1720 2629 2201 2712 abdicassent,
2244 2630 2559 2698 interrex

431 2752 715 2809 creatur
740 2734 838 2811 M.
873 2741 1127 2811 Furius
1156 2739 1536 2826 Camillus3
1572 2740 1697 2836 qui
1727 2745 1798 2811 P.
1835 2740 2252 2812 Cornelium
2287 2739 2556 2834 Scipio-

430 2871 636 2938 nem,
684 2851 744 2920 is
781 2849 1044 2923 deinde
1083 2850 1534 2923 L.Valerium
1569 2851 1885 2921 Potitum
1919 2851 2350 2945 interregem
2382 2871 2559 2944 pro-

427 3041 682 3104 magnifica
706 3043 760 3089 in
787 3045 1033 3108 Capitolio
1056 3043 1190 3109 (vide
1212 3046 1309 3100 VI,
1330 3040 1446 3106 20),
1536 3041 1611 3088 dis
1638 3040 1926 3106 (hostibus)
1955 3043 2002 3089 in
2014 3042 2265 3108 fiegafuit
2281 3059 2298 3089 :
2326 3043 2368 3090 si
2390 3040 2559 3087 Livius

424 3118 503 3165 vel
522 3122 750 3180 quoniam
770 3133 874 3170 tota
894 3124 963 3170 ibi
986 3124 1164 3170 familia
1183 3121 1445 3179 habitavit3
1533 3119 1602 3168 ita
1616 3122 1810 3185 scripsit
1822 3157 1836 3180 ,
1858 3123 1996 3186 prius
2009 3123 2058 3169 in
2074 3123 2260 3180 omisit,
2276 3121 2410 3185 quod
2423 3135 2560 3184 repe-

424 3206 474 3242 at
493 3195 609 3242 huic
634 3199 704 3244 M.
725 3196 915 3248 Manlio
939 3202 1064 3249 illud
1088 3201 1299 3248 inditum
1322 3210 1395 3246 est
1417 3215 1444 3246 a
1534 3199 1646 3246 titio
1678 3202 1780 3261 ejus
1817 3216 1956 3248 aures
1989 3202 2290 3249 offendisset.
2316 3228 2388 3237 —-
2409 3198 2557 3245 Volsi-

425 3273 625 3322 defenso
646 3276 893 3342 Capitolio
909 3296 922 3335 ;
941 3280 1055 3327 vide
1081 3295 1190 3343 cap.
1218 3286 1300 3338 47.
1329 3280 1446 3325 Vox
1534 3278 1734 3335 aienses,
1751 3295 1833 3326 seu
1849 3280 2180 3337 Vulsinienses,
2192 3281 2407 3345 populus
2418 3280 2556 3325 Etru·

422 3352 572 3400 etiam
589 3371 616 3401 a
633 3356 800 3402 multis
816 3356 957 3404 libris
975 3368 1130 3417 recte,
1147 3358 1346 3420 opinor,
1364 3356 1448 3403 ab·
1533 3357 1618 3404 riae
1641 3355 1785 3419 (vide
1802 3359 1866 3406 ad
1883 3360 2108 3407 Juvenal.
2126 3362 2198 3406 111
2215 3394 2229 3419 ‚
2254 3357 2406 3420 191),
2428 3366 2482 3403 ut
2503 3367 2552 3403 et

421 3443 511 3492 est,
527 3434 622 3481 nisi
639 3435 763 3483 forte
781 3446 895 3499 post
916 3436 1131 3483 Manlius
1150 3435 1334 3483 excidit
1348 3436 1445 3500 pri-
1531 3436 1829 3499 Salpinates,
1853 3452 2060 3502 quorum
2079 3437 2262 3485 mentio
2283 3450 2477 3499 quoque
2493 3432 2553 3482 fit

420 3527 554 3560 mum
585 3515 688 3575 ejus
723 3530 997 3579 cognomen
1028 3516 1189 3564 Vulso.
1225 3514 1443 3578 Quintiis
1532 3514 1585 3561 in
1606 3518 1791 3579 Fragm.
1808 3517 1945 3564 Fabii
1961 3518 2183 3565 Pictoris.
2200 3516 2342 3564 Conf.
2356 3515 2549 3563 Cluver.

419 3592 564 3640 etiam
580 3595 711 3642 idem
735 3596 827 3643 fuit
857 3611 1132 3660 cognomen
1151 3612 1164 3645 :
1190 3597 1277 3644 sed
1295 3612 1355 3644 eo
1373 3612 1445 3642 re·
1531 3594 1639 3642 Ital.
1658 3605 1757 3642 ant.
1777 3600 1825 3643 11
1837 3631 1851 3655 ,
1876 3597 1921 3643 3.

417 3671 541 3732 spici
567 3675 652 3722 vix
678 3676 981 3724 crediderim.
998 3679 1284 3743 —Magnos
1304 3678 1443 3726 ludos
1605 3682 1653 3729 4.
1682 3674 1732 3721 C.
1753 3676 1910 3723 Julius
1937 3691 2105 3722 censor
2121 3673 2323 3735 decessit*
2337 3690 2356 3720 .·
2377 3672 2427 3719 in
2450 3671 2551 3736 ejus

403 3746 596 3809 ficere,
627 3765 720 3803 etc.
749 3757 931 3805 Confer
958 3773 1065 3822 cap.
1100 3774 1162 3821 19
1177 3792 1191 3817 ‚
1218 3769 1266 3806 et
1297 3758 1362 3805 ad
1388 3753 1441 3818 Ῐ,
1532 3755 1689 3802 locum
1708 3759 1777 3803 M.
1801 3754 2046 3803 Cornelius
2063 3752 2289 3818 suffectus
2309 3770 2326 3799 .·
2347 3767 2454 3814 quce
2474 3765 2551 3796 res

422 3824 513 3885 35,
537 3844 587 3874 ¹¹·
615 3845 661 3889 7·
1513 3847 1691 3899 postea
1726 3834 1951 3899 religioni
1970 3831 2080 3898 fuit
2116 3832 2202 3895 (nt
2233 3828 2419 3893 religio,
2439 3838 2543 3885 est,

431 3966 440 3971 -
486 3919 535 3950 a.
556 3908 704 3957 AEdes
716 3914 921 3961 Iunonis
934 3917 1138 3980 reginae,
1162 3927 1253 3964 etc.
1286 3917 1430 3965 Conf.
1522 3914 1599 3961 vel
1626 3914 1902 3979 religiosum
1924 3922 2019 3967 ese,
2051 3908 2297 3977 hocfieri,·
2316 3923 2364 3953 v.
2386 3907 2449 3954 ad
2467 3906 2518 3953 11
2533 3939 2549 3963 ‚

416 3997 525 4046 ⁰³P·
554 3999 746 4042 21,22.
1524 3992 1582 4050 5,
1604 4009 1654 4039 n.
1682 3990 1877 4055 4);nec
1906 3989 2105 4047 deinde,
2127 3987 2547 4046 etc-Cf.VI‚27;

486 4061 532 4108 3.
564 4061 709 4123 Quod
713 4069 1101 4128 persever-annor
1116 4070 1225 4136 (in)
1244 4072 1431 4120 caeden-
1521 4075 1624 4131 IX,
1647 4072 1711 4125 34
1725 4103 1739 4129 ‚
1755 4086 1806 4118 n.
1825 4086 1847 4116 1
1859 4085 1884 4129 7
1900 4086 1914 4128 3
1933 4069 2127 4126 XXIV,
2144 4068 2206 4121 43
2224 4082 2241 4129 ς
2261 4066 2481 4125 xxva,
2495 4064 2545 4112 6.
