3000 4717
467 408 518 445 A.
531 404 580 444 C.
604 405 698 458 337.

467 465 523 504 U.
541 467 589 505 C.
607 466 698 513 415.

938 426 1249 494 LIBER
1299 424 1513 492 VIII.
1578 423 1796 490 CAP.
1851 424 1984 488 IX.
2383 422 2526 514 449

415 570 617 632 rum,
671 569 746 615 se
798 544 888 614 ad
934 545 1297 640 principes
1341 566 1702 639 recepere.
1749 546 1835 611 In
1875 541 2009 611 hac
2049 541 2524 635 trepidatione

415 656 679 724 Decius
689 652 946 725 consul
960 654 1423 724 M.Valerium
1443 675 1702 747 magna
1721 674 1895 720 voce
1915 649 2248 720 inclamat
2270 677 2283 717 :
2306 656 2528 723 «Deo-

415 792 452 827 «
489 788 686 852 rum,
720 764 992 858 inquit,
1032 787 1204 860 ope,
1237 761 1513 850 Valeri,
1555 785 1737 858 opus
1776 756 2270 856 est..Agedum
2292 813 2311 846 ,
2348 784 2527 856 pon-

405 904 452 938 «
492 872 665 944 tifex
701 872 1081 969 publicus‘*
1111 872 1361 970 populi
1399 873 1713 958 romani,
1762 870 1934 967 praei
1963 868 2221 965 verba,
2264 868 2530 966 quibus

417 1011 451 1046 ι(
485 1007 601 1053 me
631 1007 765 1079 pro
797 981 1205 1079 legionibus
1233 981 1644 1053 devoveam.
1666 977 2054 1051 »Pontifex
2086 1004 2250 1049 eum
2288 994 2529 1074 togam

415 1083 830 1189 prae‘textam
886 1117 1168 1186 sumere
1215 1093 1462 1187 jussit,
1520 1106 1591 1161 et
1614 1145 1633 1180 ,
1692 1089 1927 1160 velato
1979 1091 2208 1186 capite
2231 1144 2249 1177 ,
2310 1114 2530 1170 manu

417 1192 675 1271 subter*
708 1217 945 1298 togam
991 1202 1082 1273 ad
1117 1218 1440 1273 mentum
1477 1215 1756 1272 exserta
1777 1256 1796 1287 ,
1841 1225 2058 1299 super
2093 1200 2320 1270 telum
2355 1199 2529 1271 suh-

412 1313 687 1407 jectum
721 1302 1028 1413 pedibus
1060 1331 1400 1404 stantem,
1434 1316 1534 1384 sic
1572 1314 1808 1410 dicere
1847 1342 1862 1383 :
1908 1344 1941 1379 <c
1975 1321 2186 1401 Jane,
2228 1315 2528 1410 Jupiter,

417 1451 453 1487 α
492 1419 962 1523 Μ3Γ5“Ρ3ῐεῐ·,
1008 1427 1347 1515 Quirine,
1390 1424 1724 1510 Bellona,
1764 1428 2014 1511 LareS,
2058 1424 2202 1493 divi
2241 1416 2529 1494 Noven-

415 1561 453 1595 α
492 1533 653 1605 siles
676 1532 728 1622 ⁵,
770 1536 878 1606 dii·
903 1535 1295 1632 IndigeteS,
1332 1535 1510 1621 divi,
1550 1558 1863 1629 quorum
1904 1548 2012 1603 est
2045 1547 2360 1629 potestas
2398 1558 2527 1603 no·

415 1671 454 1708 1<
496 1637 810 1732 strorum
865 1644 1367 1738 hostiumque,
1420 1644 1665 1739 diique
1716 1648 1963 1713 Manes
1989 1697 2031 1729 ,Α
2062 1668 2190 1714 vos
2242 1667 2532 1740 precor,

327 1747 332 1754 ’
419 1780 454 1813 «
488 1775 816 1841 veneror,
845 1754 1127 1822 veniam
1163 1768 1333 1850 peto
1368 1745 1672 1847 feroque
1691 1749 1748 1840 ⁶,
1778 1754 1884 1821 uti
1922 1754 2194 1849 populo
2228 1777 2530 1823 romano

420 1890 455 1925 «
484 1863 872 1953 Quiritium
906 1863 1051 1931 vim
1078 1865 1598 1957 victoriamque
1641 1864 2107 1957 prosperetiS,
2142 1863 2530 1958 hostesque

420 1999 455 2033 t(
488 1971 741 2068 populi
776 1973 1055 2040 romani
1094 1973 1481 2062 Quiritium
1521 1985 1828 2058 terrore,
1871 1968 2289 2058 formidine,
2334 1996 2529 2041 mor-

422 2109 457 2144 «
491 2095 709 2176 teque
746 2079 1084 2151 afficiatis.
1128 2082 1323 2152 Sicut
1354 2079 1591 2150 verbis
1628 2082 2077 2177 nuncupavi,
2124 2081 2221 2149 ita
2256 2104 2391 2175 pro
2423 2105 2533 2150 re-

421 2221 457 2255 ιι
493 2191 783 2289 publica
800 2193 1189 2282 Quiritium
1207 2177 1612 2288 ,exer-cim,
1642 2189 2078 2286 legionibuS,
2109 2190 2385 2260 auxiliis
2411 2216 2536 2288 po·

424 2327 459 2364 «
497 2301 651 2398 puli
665 2303 956 2372 ‚romani
985 2303 1408 2391 Quiritium,
1438 2301 1759 2396 legiones*
1785 2300 2187 2398 auxiliaque
2216 2299 2533 2370 hostium

423 2436 459 2469 «
491 2429 779 2478 mecum
817 2409 951 2479 diis
986 2410 1322 2480 Manibus
1353 2409 1770 2506 Tellurique
1802 2409 2146 2480 devoveo.
2168 2439 2202 2473 >2
2245 2415 2406 2480 Haec
2438 2411 2537 2480 ita

425 2532 787 2611 precatuS,
813 2518 1099 2589 lictores
1126 2522 1229 2589 ire
1255 2521 1346 2588 ad
1369 2526 1447 2589 T.
1472 2521 1824 2616 Manlium
1840 2518 2050 2614 jubet
2066 2574 2084 2608 ,
2111 2534 2537 2617 matureque

423 2623 713 2720 collegae
750 2649 824 2693 se
869 2625 1214 2696 devotum
1255 2653 1390 2723 pro
1434 2632 1755 2699 exercitu
1790 2632 2147 2700 nuntiare.
2186 2636 2385 2727 Ipse,
2423 2632 2537 2700 ina

427 2735 703 2805 cinctus
732 2735 1014 2805 cinctu⁷
1039 2734 1338 2831 gabinO,
1370 2752 1682 2807 armatus
1708 2739 1784 2805 in
1814 2762 2084 2832 equum
2111 2737 2417 2824 insiluit,
2457 2763 2539 2809 ac

428 2868 504 2916 se
540 2845 615 2914 in
656 2844 931 2917 medios
967 2842 1208 2915 hostes
1252 2845 1566 2927 immisit.
1614 2850 2058 2942 Conspectus
2099 2845 2189 2915 ab
2232 2860 2538 2941 utraque

499 3040 549 3088 4.
571 3034 819 3098 Agedum,
838 3031 1061 3099 pontifex
1077 3032 1298 3097 publicus
1324 3029 1442 3093 (no-

429 3111 596 3160 minat.
623 3128 715 3174 pro
735 3124 892 3160 vocat.
917 3124 971 3161 ut
996 3116 1049 3172 I,
1077 3120 1169 3170 243
1189 3123 1238 3160 et
1257 3111 1317 3158 al.
1338 3126 1442 3174 pas-

431 3187 549 3251 sim)
558 3189 734 3252 populi
749 3191 969 3247 romani,
985 3191 1114 3253 pra-i
1127 3190 1307 3246 verba,
1336 3188 1443 3252 qui-

429 3266 516 3312 bus
548 3281 623 3311 me
643 3283 733 3328 pro
771 3267 1031 3331 legionibus
1059 3268 1342 3323 devoveam,
1388 3278 1444 3314 ut

430 3343 555 3391 infra
575 3345 656 3403 X,
689 3345 780 3406 28,
809 3345 870 3393 de
901 3345 1006 3393 filio
1031 3348 1149 3406 ejus.
1176 3348 1357 3408 Confer
1381 3346 1444 3393 ad

417 3424 503 3480 ⁴V,
526 3430 586 3477 41
604 3457 619 3480 ,
645 3437 694 3468 n.
716 3429 746 3477 4
760 3458 773 3481 ,
792 3434 841 3470 et
860 3424 921 3471 de
939 3425 1145 3472 formula
1169 3424 1444 3474 devotionis

432 3500 656 3552 Macroh.
682 3501 781 3548 Sat.
805 3504 905 3559 ΙΙΙ,
930 3516 978 3562 9.

505 3578 554 3624 5.
585 3577 695 3624 Divi
717 3579 988 3627 Novensiles
1006 3596 1034 3627 a
1053 3580 1242 3630 Sabinis
1254 3582 1442 3646 accepti

429 3666 552 3707 teste
562 3657 701 3702 Varr.
716 3659 769 3703 L.
779 3660 838 3714 .L.
853 3659 944 3715 IV,
965 3674 984 3704 ι
995 3673 1042 3704 o.
1056 3658 1234 3720 Quales
1246 3659 1441 3720 fuerint,

432 3744 481 3782 et
516 3733 645 3782 unde
683 3734 803 3783 dicti
819 3769 834 3793 ,
872 3727 1035 3784 utrum
1057 3753 1085 3783 a
1109 3753 1312 3783 numero
1327 3770 1342 3794 ,
1381 3753 1444 3783 an

431 3812 650 3860 novitate
686 3824 735 3860 et
760 3814 1006 3872 salitione,
1050 3831 1114 3861 an
1145 3814 1206 3861 ab
1242 3815 1334 3862 alia
1367 3832 1443 3872 re,

431 3891 567 3956 ipsos
595 3906 788 3954 quoque
808 3891 1051 3940 Romanos
1064 3894 1309 3957 ignorasse
1327 3909 1445 3940 con-

434 3969 593 4017 tendit
611 3969 799 4038 Arnob.
818 3970 926 4017 adv.
947 3982 1077 4034 gent.
1095 3971 1183 4019 lib.
1202 3971 1448 4020 111.—Dii

434 4047 699 4112 Indigetes,
729 4048 841 4096 vide
861 4048 922 4097 ad
947 4052 998 4105 Ι,
1025 4066 1054 4096 2
1072 4084 1087 4108 ‚
1115 4066 1164 4096 n.
1196 4052 1242 4097 3.

423 4185 430 4192 ·
506 4127 555 4175 6.
590 4126 817 4185 Veniam,
848 4129 1048 4194 gratiam
1073 4128 1224 4188 hanc,
1241 4141 1358 4193 peto
1362 4128 1446 4193 fe-

589 4216 769 4282 ·II.

1528 3048 1702 3096 toque,
1727 3031 1892 3079 aufero
1912 3066 1939 3093 ,.
1954 3031 2156 3079 obtineo
2169 3065 2182 3089 ‚
2213 3017 2438 3095 impetro.
2464 3034 2538 3079 Ita

1530 3113 1692 3175 Heyn.
1718 3111 1772 3156 in
1800 3112 1934 3160 θὸτι.
1958 3111 2050 3176 gel.
2077 3111 2202 3157 Anz.
2230 3126 2361 3158 anno
2377 3107 2509 3170 1785
2525 3143 2541 3169 ,

1516 3207 1580 3253 ,μ
1616 3191 1764 3251 1793.
1807 3188 1867 3237 Id
1901 3189 1979 3236 vel
2017 3189 2083 3236 ob
2119 3200 2297 3236 certam
2339 3188 2541 3236 exaudi-

1527 3269 1679 3326 tionis
1694 3284 1892 3332 precum
1910 3265 2137 3315 fiduciam
2153 3302 2167 3326 ,
2187 3269 2263 3315 vel
2284 3270 2406 3318 boni
2425 3267 2545 3315 omi·

1531 3349 1608 3395 nis
1634 3364 1774 3395 causa
1811 3347 1996 3395 dictum
2023 3346 2229 3395 videtur.
2273 3350 2415 3402 Ferre
2436 3346 2485 3393 h.
2509 3346 2544 3394 l.

1533 3442 1635 3480 esse
1647 3426 1778 3473 idem
1791 3425 1923 3490 quod
1942 3440 2117 3489 rogare
2123 3458 2139 3480 ,
2169 3434 2217 3471 et
2230 3425 2391 3471 verbis
2409 3440 2543 3488 seqq.

1528 3504 1829 3568 jungendum
1840 3538 1854 3563 ,
1879 3519 1982 3551 non
1999 3505 2235 3567 persuasit
2251 3503 2395 3550 nobis
2409 3504 2544 3550 Stro-

1530 3583 1662 3631 thius
1688 3584 1861 3631 collata
1900 3583 2105 3631 formula
2132 3583 2281 3647 Iegem
2290 3579 2458 3647 [επ-ε,-
2495 3590 2544 3629 et

1530 3679 1699 3726 parum
1710 3662 1978 3726 probabilis
1992 3672 2065 3709 est
2077 3661 2349 3710 emendatio
2360 3659 2545 3707 Dukeri

1531 3757 1804 3804 quoesoque.
1837 3768 1906 3804 -ss-
1943 3741 2069 3787 Mox
2096 3739 2242 3786 verba
2259 3737 2435 3802 populi
2463 3753 2544 3784 ro-

1532 3819 1670 3865 mani
1705 3831 1819 3884 post
1851 3818 2096 3882 republica
2123 3818 2360 3865 excidisse
2388 3816 2546 3880 suspi-

1534 3897 1732 3944 cabatur
1754 3900 1908 3945 Gron.
1937 3900 2080 3943 Forte
2098 3896 2194 3960 leg.
2215 3896 2286 3943 ita
2302 3912 2398 3959 pro
2423 3912 2543 3944 rom.

1524 3975 1709 4037 populo
1737 3974 2006 4036 Quiritium.

1520 4095 1525 4102 .
1610 4070 1658 4113 7.
1687 4054 1945 4120 Cincin...v
1967 4051 2128 4116 (forte
2158 4019 2253 4097 ritu
2279 4051 2358 4102 vel
2383 4052 2546 4119 culm)

1540 4131 1759 4190 Gabino,
1778 4133 1897 4191 v.V‚
1915 4130 2008 4189 46,
2030 4147 2082 4177 n.
2103 4146 2130 4176 2
2148 4146 2162 4189 ;
2183 4141 2231 4177 et
2250 4131 2328 4189 X,
2346 4147 2394 4193 7,
2421 4149 2473 4181 n.
2501 4133 2546 4180 3.

2071 4242 2163 4314 29
