3000 4717
2394 352 2439 390 Δ.
2467 349 2519 389 C.
2549 353 2642 399 340·

573 372 710 469 394
1400 370 1479 437 Τ.
1541 371 1819 464 LIVII
2391 409 2513 451 uc,
2542 418 2645 459 ω,

564 509 759 567 mota
786 517 1003 565 arma.
1029 493 1454 565 Samnitium
1481 490 1789 581 bellum,
1808 492 2101 590 ancipiti
2116 505 2347 563 marte
2371 507 2691 588 gestum,

562 605 879 701 Pyrrhus
895 605 1127 676 hostis
1144 659 1163 693 ,
1192 603 1547 699 Pyrrhum
1575 604 1778 674 Poeni
1805 603 2111 699 sequuti.
2138 606 2423 693 Quanta
2441 628 2691 673 rerum

564 714 830 787 moles!
872 715 1159 811 quoties
1196 715 1273 782 in
1308 724 1675 785 extrema²
1718 711 2211 811 periculorum
2239 726 2567 799 ventum,
2602 726 2691 782 ut

561 827 640 897 in
677 826 865 896 hanc
900 823 1471 921 magnitudinem
1493 878 1513 911 ,
1558 848 1718 920 quae
1744 824 1866 893 vix
1899 824 2322 910 sustinetur,
2346 824 2526 919 erigi
2552 823 2689 891 im-

563 937 847 1034 perium
895 932 1184 1032 posset!
1231 933 1407 1005 Belli
1451 948 1690 1005 autem
1738 958 1949 1006 causa
1991 959 2159 1006 cum
2196 931 2635 1004 Samnitibus
2668 986 2687 1019 ,

565 1045 947 1131 Romanis,
996 1069 1227 1141 quum
1272 1046 1609 1115 societate
1650 1043 2103 1138 amicitiaque
2139 1041 2370 1136 juncti
2410 1054 2689 1129 essent,

568 1158 1010 1227 extrinsecus
1045 1155 1282 1242 venit3
1315 1180 1462 1226 non
1506 1168 1665 1225 orta
1701 1155 1891 1224 inter
1930 1153 2126 1249 ipsos
2168 1166 2293 1222 est.
2337 1151 2690 1221 Samnites

568 1265 893 1344 Sidicinis
905 1266 1166 1362 injusta
1183 1290 1377 1336 arma
1390 1320 1409 1353 ,
1432 1265 1602 1362 quia
1620 1263 1887 1335 viribus
1902 1262 2062 1360 plus
2079 1275 2413 1359 poterant
2426 1315 2446 1349 ,
2457 1284 2691 1357 quum

564 1375 1006 1463 intulissent,
1040 1377 1269 1446 coacti
1308 1376 1564 1472 inopes
1624 1374 1716 1445 ad
1752 1372 2297 1470 opulentiorum
2347 1371 2690 1441 auxilium

566 1482 992 1583 confugere,
1016 1484 1397 1582 Campanis
1424 1508 1579 1555 sese
1605 1483 1768 1577 conj
1778 1496 2079 1579 ungunt.
2094 1481 2443 1578 Campani
2467 1481 2690 1577 magis

567 1587 879 1661 nomen3
920 1591 1011 1661 ad
1052 1591 1464 1689 praesidium
1501 1593 1864 1663 sociorum
1886 1644 1906 1678 ,
1943 1615 2158 1687 quam
2198 1591 2418 1677 vires,
2461 1613 2688 1685 quum

566 1695 1024 1790 adtulissent,
1052 1702 1360 1774 fluentes
1395 1702 1573 1773 luxu
1610 1701 1701 1773 ab
1740 1701 2012 1772 duratis
2047 1724 2186 1772 usu
2221 1722 2581 1770 armorum
2607 1700 2687 1767 in

568 1808 871 1881 sidicino
903 1812 1091 1909 pulsi
1120 1837 1329 1909 agro,
1360 1813 1439 1882 in
1475 1838 1553 1883 se
1592 1811 1854 1882 deinde
1891 1810 2154 1881 molem
2195 1832 2487 1880 omnem
2517 1806 2687 1877 belli

569 1933 973 2008 verterunt3
1000 1946 1313 2019 namque
1359 1923 1740 2009 Samnites,
1767 1921 2039 1992 omissis
2074 1917 2432 2006 Sidicinis,
2460 1917 2689 2013 ipsam

572 2057 808 2104 arcem
847 2031 1320 2105 finitimorum
1361 2038 1783 2133 Campanos<
1804 2033 2038 2105 adorti
2059 2087 2078 2122 ,
2117 2030 2312 2102 unde
2352 2055 2550 2127 aeque
2579 2028 2687 2099 fa-

644 2247 671 2278 2
682 2269 693 2280 .
721 2232 917 2295 Quoties
936 2233 986 2280 in
1005 2244 1226 2281 extrema
1232 2232 1564 2296 periculorum
1575 2265 1590 2286 ,

570 2310 811 2373 pericula,
830 2322 1030 2358 ventum
1048 2322 1145 2368 est,
1170 2322 1225 2357 ut
1241 2311 1292 2356 in
1311 2310 1439 2356 hanc
1460 2309 1594 2373 (vide

571 2388 636 2435 ad
654 2390 705 2445 Ι,
728 2389 775 2446 5,
795 2405 845 2435 ιι.
874 2385 921 2451 1)
943 2388 1349 2453 magnitudinem,
1373 2403 1482 2450 qaoe
1497 2387 1593 2433 via·

570 2465 831 2513 sustinetur
854 2463 1016 2527 (conf.
1044 2466 1108 2513 ad
1132 2466 1271 2512 Praef.
1299 2466 1404 2513 Liv.
1427 2482 1476 2512 ιι.
1501 2463 1590 2530 7),

572 2554 665 2591 etc.
688 2571 760 2580 —
791 2543 947 2605 Quum
996 2543 1228 2590 societate
1274 2543 1592 2608 amicitiaque

559 2621 726 2687 juncti
765 2632 922 2669 essent
958 2638 1071 2669 cum
1109 2622 1432 2683 Samnitibus;
1476 2623 1591 2672 vide

570 2717 677 2765 cap.
699 2716 778 2763 19.
797 2725 869 2737 --
888 2702 1025 2748 Inter
1044 2700 1197 2765 ipsos,
1226 2702 1331 2749 scil.
1351 2703 1597 2751 Samnites

561 2778 622 2827 'ac
644 2783 921 2839 Romanos3
939 2780 1110 2829 Bauer.
1121 2781 1563 2845 —Opulentiorum
1572 2801 1593 2839 ;

568 2859 831 2924 opulentus
845 2857 929 2906 hic
949 2870 1021 2906 est
1037 2869 1240 2923 potens,
1263 2860 1449 2908 viribus
1463 2877 1593 2924 prae-

571 2938 886 2986 valens.Vide
910 2937 973 2985 ad
993 2937 1080 2984 lib.
1096 2940 1175 2998 ΙΙ,
1201 2953 1285 2985 21.
1308 2940 1402 2985 En.

644 3018 690 3064 3.
718 3016 959 3080 Campani
984 3016 1140 3080 magis
1161 3032 1335 3064 nomen
1360 3016 1505 3080 (vide
1528 3017 1591 3063 ad

569 3098 673 3153 III,
697 3095 783 3153 65,
808 3111 857 3141 n.
882 3092 944 3159 6)
971 3094 1365 3158 adpraesidium,
1399 3107 1493 3143 etc.
1517 3121 1587 3130 —-

564 3173 786 3228 Fluentes
815 3172 962 3230 luxu,
999 3184 1055 3220 ut
1084 3172 1149 3221 al.
1178 3171 1475 3238 diffluentes,
1506 3172 1587 3220 vel

541 3248 818 3314 ‘volitptate
834 3250 1143 3315 liquescentes
1162 3262 1211 3298 et
1231 3248 1485 3315 liquefacti
1505 3266 1584 3314 ap.

523 3319 528 3325 ’
568 3329 878 3378 Οἰωι.Τιιεα
894 3331 1075 3392 Quoest.
1094 3331 1170 3386 II,
1196 3344 1287 3387 223
1306 3329 1371 3386 V,
1394 3330 1443 3375 6.
1462 3329 1589 3376 Nam

563 3406 787 3475 dffuere
798 3441 814 3464 ,
848 3407 1107 3471 liquescere
1127 3418 1178 3454 et
1202 3406 1358 3454 dilabi
1384 3407 1586 3471 proprie

556 3486 799 3534 vdicuntur
827 3486 939 3543 nix,
963 3486 1163 3548 glacies,
1196 3500 1305 3532 cera
1338 3497 1389 3533 et
1420 3485 1584 3549 plum·

564 3565 683 3612 bum
697 3598 712 3622 ‚
750 3562 927 3611 deinde
962 3578 1043 3620 ea,
1078 3579 1188 3627 quae
1216 3562 1582 3623 dissolvuntur,

1681 2230 1890 2278 fluentis.
1912 2232 2055 2279 Conf.
2079 2232 2166 2279 inf.
2192 2247 2297 2295 cap.
2323 2232 2383 2277 32
2397 2265 2413 2289 ,
2433 2246 2482 2276 ιι.
2503 2238 2558 2286 4,
2579 2243 2686 2291 cap.

1686 2309 1769 2366 33,
1794 2325 1844 2355 n.
1869 2311 1925 2367 6;
1955 2312 2032 2369 X,
2057 2312 2151 2369 28,
2178 2326 2230 2368 ιι.
2261 2308 2580 2368 33XXX1‘V,
2603 2314 2688 2364 47,

1680 2402 1730 2432 n.
1762 2388 1822 2446 ἃς
1859 2389 2145 2447 XXXVII,
2173 2403 2252 2448 17,
2278 2398 2327 2435 et
2351 2387 2574 2442 XXVII,
2605 2400 2687 2443 17,

1678 2463 1764 2510 ubi
1795 2465 1908 2513 vide
1933 2469 2152 2516 Gronov.
2181 2466 2267 2530 qui
2292 2465 2551 2527 coll.Virg.
2574 2464 2685 2509 AEn.

1678 2544 1754 2600 II,
1780 2545 1878 2606 169
1904 2543 2022 2609 (ubi
2046 2544 2157 2592 vide
2181 2544 2462 2609 Intpp.),'et
2483 2542 2585 2589 aliis
2607 2541 2688 2589 lo·

1678 2621 1748 2668 cis
1774 2622 1946 2682 docet,
1962 2623 2127 2691 fluere
2153 2634 2203 2671 et
2213 2623 2372 2689 fluxa
2399 2620 2474 2684 (v.
2498 2637 2540 2668 c.
2552 2618 2687 2686 sides

1677 2703 1929 2760 XXVIII,
1967 2703 1996 2750 5
2034 2714 2157 2751 extr.
2196 2713 2246 2749 et
2281 2704 2397 2760 XL,
2431 2697 2518 2762 50)
2557 2698 2690 2756 diei,

1682 2797 1790 2844 quae
1803 2782 1944 2830 facile
1958 2781 2246 2839 dilabantur,
2265 2781 2342 2828 vel
2361 2778 2691 2836 sublabantur,

1678 2875 1771 2907 nec
1798 2871 2048 2919 constent,
2070 2875 2179 2923 quae
2203 2871 2382 2907 statum
2412 2869 2462 2906 et
2485 2854 2692 2905 firmitu-

1681 2938 1845 2985 dinem
1871 2954 1975 2986 non
1999 2938 2232 2995 habeant,
2255 2937 2334 2985 vel
2359 2936 2553 3002 proprie
2580 2951 2692 2998 quae

1679 3018 1816 3081 quasi
1854 3017 2076 3065 decolent
2107 3033 2185 3074 se,
2217 3017 2269 3064 h.
2293 3033 2335 3064 e.
2374 3016 2436 3063 de
2463 3014 2571 3063 colo
2608 3013 2694 3060 de-

1675 3091 1827 3143 fluant
1839 3129 1852 3153 ,
1869 3096 2274 3153 transmittantur,
2293 3092 2534 3142 deficiant.
2548 3092 2690 3141 Simi-

1672 3172 1783 3219 liter
1794 3171 1918 3238 fiqsa
1944 3191 2154 3238 corpora
2180 3173 2432 3221 Gallorum
2462 3172 2692 3219 dicuntur

1674 3252 1980 3310 xxan,
2015 3269 2109 3309 αι,
2140 3268 2248 3315 quae
2280 3268 2388 3316 cap.
2415 3267 2495 3311 17,
2523 3247 2692 3296 mollia

1675 3344 1884 3392 corpora
1907 3346 1964 3378 ac
1973 3330 2191 3398 fluentia
2222 3330 2399 3377 sudore
2424 3340 2474 3376 et
2502 3328 2692 3375 lassitu-

1675 3408 1788 3455 dine
1813 3409 2053 3466 membra,
2084 3421 2139 3457 ut
2170 3420 2220 3457 et
2256 3408 2425 3455 mollia
2456 3420 2504 3455 et
2518 3406 2693 3475 fluida

1672 3503 1880 3551 corpora
1917 3479 2171 3537 Gallorum
2207 3488 2454 3545 XXXIV,
2489 3494 2572 3546 47,
2602 3485 2694 3533 ubi

1674 3566 1785 3614 vide
1814 3579 1920 3626 not,
1953 3568 1998 3613 3.
2021 3592 2084 3602 ——-
2111 3566 2317 3621 Durati,
2350 3576 2570 3613 nostrum
2600 3565 2691 3611 ab-

564 3642 878 3700 mollescunt,
908 3641 1257 3705 languescunt,
1287 3654 1584 3690 enervantur
1665 3643 1913 3709 gebartet,
1955 3656 2011 3693 ut
2043 3645 2350 3702 XXXVIII,
2396 3659 2486 3705 173
2519 3644 2660 3690 XLII
2675 3677 2692 3703 ,

563 3721 648 3788 (ut
678 3732 848 3770 contra
879 3720 930 3767 h.
955 3721 989 3768 1.
1022 3720 1193 3767 durati
1216 3738 1304 3768 usu
1328 3737 1578 3769 armorum

562 3796 843 3862 Samnites),
872 3798 1174 3860 minuuntur,
1191 3801 1358 3849 labant
1368 3837 1381 3860 ,
1399 3801 1581 3850 labefa-

564 3888 779 3937 ctantur,
809 3877 1100 3942 depereunt,
1126 3891 1181 3928 ut
1203 3882 1459 3939 XXXIII,
1487 3882 1580 3940 46,

562 3969 613 4000 ιι.
636 3961 683 4009 4.
708 3956 852 4004 Conf.
880 3967 1042 4004 tamen
1064 3958 1126 4004 ad
1149 3960 1182 4005 J
1185 3973 1328 4006 uven.
1349 3958 1467 4016 XV,
1495 3966 1580 4019 47.

561 4031 900 4079 Ρίιιενεειίιιιιι
924 4045 974 4081 et
1008 4034 1111 4081 labi
1133 4046 1206 4083 est
1236 4036 1304 4084 ita
1335 4036 1578 4100 fugerem:

1676 3724 1737 3770 32
1753 3758 1767 3782 ,
1795 3724 1857 3770 52
1873 3756 1888 3781 ,
1915 3723 1976 3771 al.
2011 3724 2091 3771 Sic
2115 3733 2164 3769 et
2187 3720 2415 3786 Ligures,
2445 3722 2617 3768 durum
2636 3721 2692 3767 in

1669 3801 1819 3848 armis
1832 3817 1985 3866 genus
2003 3799 2285 3859 hominum,
2306 3816 2393 3848 seu
2413 3816 2531 3864 gens
2548 3798 2694 3865 (vide

1668 3880 1732 3928 ad
1749 3883 1798 3939 1,
1829 3881 1909 3939 18,
1930 3896 1981 3928 n.
2009 3878 2069 3943 5)
2093 3879 2182 3926 inf.
2202 3881 2432 3939 XXVII,
2458 3880 2550 3937 48,
2567 3894 2616 3924 ιι.
2635 3884 2690 3931 4.

1668 3958 1897 4008 Conf.ad
1921 3957 2007 4007 Sil.
2035 3960 2087 4018 1,
2114 3958 2371 4017 558;v1,
2401 3957 2531 4015 308;
2574 3956 2697 4013 XV,

1672 4037 1868 4085 566.—-
1881 4037 2154 4101 Campanos
2170 4050 2332 4083 arcem
2334 4034 2693 4103 finitimorum,

558 4106 692 4153 abire
702 4140 717 4166 ,
735 4119 789 4156 ut
805 4108 892 4156 vix
904 4110 1106 4171 sentias,
1121 4112 1273 4162 instar
1289 4113 1385 4164 rivi
1400 4114 1577 4167 leniter
1660 4114 1942 4180 praesidium
1954 4150 1969 4176 ,
1991 4114 2225 4189 auxilium
2239 4130 2254 4173 ;
2278 4113 2392 4164 vide
2405 4113 2469 4163 ad
2485 4116 2560 4162 111
2572 4146 2588 4172 ‚
2608 4113 2699 4175 45,
