3000 4717
778 391 1043 468 LIB.
1097 392 1281 458 VII.
1349 389 1561 457 CAP.
1626 389 1928 456 XVIII.
1994 391 2211 457 XIX.
2333 386 2472 482 373

360 535 464 583 no
520 445 797 597 locata:
844 509 1125 606 plebem
1171 534 1536 606 nusquam
1570 509 1718 602 allo
1772 523 2057 595 natam,
2107 535 2337 605 quam
2372 512 2480 582 ad

356 619 806 691 serviendum
822 672 848 704 ,
875 634 1111 716 putet.
1147 622 1311 692 Non
1346 618 1612 690 desunt
1655 617 1930 692 tribuni
1961 633 2286 692 auctores
2315 636 2474 698 tur-

356 728 659 815 barum3
697 730 824 806 sed
859 731 1050 804 inter
1080 730 1476 802 concitatos
1513 754 1645 826 per
1683 754 1757 800 se
1798 752 2051 816 omnes
2091 729 2209 804 vix
2252 728 2475 808 duces

357 841 698 912 eminent.
760 840 1154 935 Aliquoties
1196 837 1458 914 frustra
1503 842 1581 912 in
1627 864 1962 937 campum
1986 834 2014 881 3
2046 836 2473 916 descensum

358 950 588 1043 quum
618 963 838 1037 esset,
885 949 1239 1045 multique
1286 973 1417 1045 per
1465 949 1853 1024 seditiones
1902 949 2041 1020 acti
2088 950 2479 1030 comitiales

358 1057 549 1141 diem
593 1073 976 1155 postremo*
1010 1061 1210 1130 victae
1245 1060 1774 1155 perseverantia
1822 1056 2203 1134 consulum
2242 1057 2477 1155 plebis

358 1191 447 1238 eo
468 1167 677 1236 dolor
702 1169 972 1264 erupit,
997 1182 1078 1238 ut
1095 1167 1452 1257 tribunos,
1475 1183 1713 1240 actum
1735 1191 1885 1252 esse
1907 1166 2000 1238 de
2021 1166 2343 1250 libertate
2360 1193 2477 1248 vo-¹

359 1274 766 1366 efferantes,
798 1278 1485 1376 relinquendumque
1503 1302 1650 1350 non
1672 1277 2187 1375 campumjam
2201 1277 2469 1361 solum,

356 1386 491 1460 sed
513 1394 732 1469 etiam
770 1390 1022 1462 urbem
1056 1405 1350 1485 captam.
1380 1404 1601 1484 atque
1635 1412 2048 1484 oppressam
2077 1412 2299 1483 regno
2318 1389 2475 1483 Ρα-

358 1502 754 1585 triciorum,
783 1514 1040 1576 moesta
1062 1499 1268 1596 plebs
1294 1512 1739 1595 sequeretur.
1779 1498 2156 1585 Consules,
2183 1498 2413 1580 relicti
2439 1524 2480 1572 a
2525 1494 2530 1500 ’

357 1620 566 1701 parte.
581 1609 866 1704 populi,
890 1634 1022 1706 per
1040 1608 1599 1706 infrequentiam
1627 1607 1915 1686 comitia
1941 1608 2169 1682 nihilo
2194 1609 2481 1705 segnius
2547 1638 2554 1644 ·

356 1706 760 1809 perficiunt.
816 1720 1055 1794 Creati
1099 1720 1429 1789 consules
1472 1717 1691 1794 ambo
1723 1719 2041 1814 patricii,
2083 1723 2178 1788 M.
2221 1709 2481 1802 Fabius

292 1866 295 1874 ·
359 1823 749 1902 Ambustus
781 1830 1074 1904 tertium
1097 1884 1116 1917 ‚
1158 1834 1236 1899 T.
1272 1829 1635 1917 Quintius.
1678 1834 1766 1904 In
1800 1826 2235 1924 quibusdam
2264 1853 2480 1912 anna-³

355 1932 548 2010 libus
569 1960 704 2034 pro
727 1943 802 2010 T.
833 1941 1134 2027 Quintio
1150 1994 1168 2028 ‚
1198 1943 1291 2012 M.
1322 1939 1703 2036 Popillium
1729 1939 2104 2012 consulem
2125 1939 2439 2018 invenio.

449 2051 641 2121 XIX.
684 2052 850 2122 Duo
892 2047 1082 2122 bella
1127 2073 1218 2119 eo
1249 2072 1446 2122 anno
1488 2071 1836 2145 prospere
1875 2061 2110 2142 gesta;
2151 2071 2315 2120 cum
2361 2052 2480 2118 Ti-

354 2152 834 2255 burtibusque
872 2159 961 2229 ad
992 2158 1433 2232 deditionem
1462 2171 1887 2256 pugnatum.
1937 2157 2215 2230 Sassula
2251 2184 2339 2238 ex
2371 2158 2483 2240 his
2525 2165 2532 2176 “

354 2265 529 2340 urbs
566 2282 809 2365 capta3
855 2286 1239 2366 ceteraque
1284 2268 1551 2366 oppida
1587 2266 1913 2346 eamdem
1950 2266 2321 2348 fortunam
2350 2262 2483 2350 haj-

355 2372 678 2451 buissent
692 2432 714 2465 ,
734 2380 810 2452 ni
836 2383 1165 2456 universa
1188 2404 1360 2476 gens
1374 2433 1394 2467 ‚
1415 2379 1667 2476 positis
1687 2378 1937 2465 armis,
1957 2379 2034 2451 in
2056 2376 2273 2452 fidem
2301 2403 2473 2452 con-

357 2483 529 2556 sulis
569 2488 917 2558 venisset:
957 2489 1483 2585 triumphatum
1529 2487 1619 2562 de
1654 2485 2119 2575 Tiburtibus3
2157 2486 2478 2585 alioquin

355 2593 547 2662 mitis
581 2595 876 2665 victoria
901 2595 1056 2666 fuit.
1097 2602 1183 2666 In
1224 2598 1777 2692 Tarquinienses
1812 2595 2070 2668 acerbe
2115 2598 2437 2668 saevitum
2458 2651 2476 2684 ‚

310 2792 313 2795 ἱ
355 2702 602 2773 multis
623 2703 1047 2777 mortalibus
1066 2707 1145 2780 in
1174 2706 1321 2776 acie
1352 2707 1582 2792 caesis3
1617 2729 1706 2786 ex
1729 2706 2006 2798 ingenti
2031 2707 2478 2801 captivorum

355 2837 662 2885 numero
687 2815 991 2886 trecenti
1016 2814 1542 2911 quinquaginta
1571 2826 1738 2888 octo
1766 2810 2026 2888 delecti
2046 2823 2098 2899 ¹,
2124 2811 2474 2886 nobilissi-

356 2945 516 2993 mus
548 2924 856 3020 quisque
879 2979 897 3008 ‚
937 2926 1066 3022 qui
1100 2928 1398 2994 Romam
1435 2921 1896 2992 mitterentur
1930 2946 1944 2985 ε
1988 2920 2248 3018 vulgus
2282 2923 2474 2996 aliud

358 3032 839 3122 trucidatum3
882 3059 1016 3106 nec
1065 3032 1377 3131 populus
1421 3032 1498 3100 in
1546 3054 1705 3116 εοε,
1754 3031 1880 3123 qui
1925 3030 2121 3100 missi
2173 3035 2471 3102 Romam

359 3155 599 3229 erant,
637 3145 881 3214 mitior
903 3143 1039 3214 fuit
1070 3171 1085 3212 ε
1118 3141 1363 3214 medio
1387 3143 1461 3211 in
1489 3138 1646 3210 foro
1682 3162 1932 3209 omnes
1960 3139 2173 3235 virgis
2207 3143 2367 3212 caesi
2395 3168 2477 3213 ac

359 3252 590 3320 securi
612 3257 966 3348 percussi3
1013 3255 1088 3330 id
1122 3280 1257 3353 pro
1295 3251 1679 3328 immolatis
1714 3251 1793 3326 in
1824 3247 1987 3322 foro
2011 3252 2478 3346 Tarquinien-

1458 3453 1566 3484 rum
1602 3451 1799 3486 numero
1828 3433 2118 3487 CCCLVIII
2148 3435 2344 3494 delecti,
2386 3450 2479 3494 etc.

1460 3516 1674 3566 CCCLX
1687 3513 1819 3578 apud
1839 3510 2045 3562 Diodor.
2059 3540 2128 3549 -—-
2142 3514 2223 3564 Sic
2241 3516 2369 3566 enim
2392 3516 2482 3566 lib.

431 3437 480 3483 3.
505 3438 568 3484 In
590 3452 813 3500 campum
839 3439 1112 3487 descensum
1124 3474 1141 3497 ,
1175 3439 1286 3490 vide
1309 3439 1374 3490 ad

359 3515 433 3571 11,
469 3514 565 3574 54,
589 3532 639 3562 n.
668 3517 833 3563 13.--
866 3520 962 3564 Pro
993 3519 1049 3565 T.
1085 3517 1280 3579 Quintio
1299 3519 1370 3582 M.

358 3593 617 3655 Popillium
633 3596 873 3643 consulem
890 3594 1075 3644 inuenio
1085 3613 1106 3651 ,-
1124 3596 1373 3646 Diodorus

357 3670 443 3722 lib.
470 3673 619 3731 XVI,
658 3689 768 3738 pag.
796 3674 925 3733 531,
960 3674 1104 3721 etiam
1129 3675 1187 3721 T.
1215 3674 1372 3735 Quin-

358 3749 481 3800 tium
516 3750 618 3799 edit
655 3752 918 3800 consulem.
960 3754 1068 3813 Qua
1102 3762 1262 3800 nutem
1295 3766 1373 3800 ra«

358 3828 494 3876 tione
515 3829 695 3877 factum
721 3831 890 3890 fuerit,
935 3841 990 3877 ut
1010 3830 1064 3877 in
1083 3830 1374 3893 quibusdam

358 3908 609 3960 annalibus
639 3925 731 3974 pro
765 3911 821 3957 T.
850 3908 1081 3970 Quintio,
1110 3910 1184 3958 M.
1204 3908 1369 3972 Popil-

356 3987 450 4034 lius
491 3988 767 4036 inveniatur
795 4022 811 4046 ,
877 3987 1118 4051 explicare
1167 3998 1372 4038 conatur

359 4066 597 4116 Dodwell.
611 4067 673 4114 de
681 4066 844 4132 Cyclis
862 4066 1065 4114 Dissert.
1081 4068 1132 4113 X.
1145 4099 1160 4125 ,
1180 4068 1209 4114 8
1221 4083 1263 4114 1.
1278 4069 1368 4116 En.

429 4145 547 4192 Cu».
575 4146 722 4193 XIX.
758 4162 801 4193 1.
838 4147 920 4192 Ex
952 4145 1135 4210 ingenti
1156 4145 1369 4210 captivo-

1458 3600 1590 3645 XVI
1603 3632 1617 3655 ‚
1635 3612 1748 3661 pag.
1766 3596 1893 3653 534:
1910 3592 2195 3660 Ταρκυνίους
2210 3587 2270 3648 δὲ
2294 3589 2476 3665 ἄνδρας

1458 3692 1488 3723 τ
1529 3672 1613 3724 καὶ
1651 3671 1676 3734 ξ
1707 3667 1928 3740 δημοσίᾳ
1971 3672 2284 3725 ἐθανάτωσαν
2325 3677 2370 3725 ἐν
2413 3680 2475 3742 τῇ
2522 3697 2525 3702 ·

1458 3751 1631 3821 ἀγορᾷ.
1657 3757 1717 3800 In
1742 3753 1891 3802 Diod.
1923 3769 2058 3802 nuuc
2087 3754 2279 3804 editur:
2316 3748 2480 3808 διοικο-

1459 3831 1588 3889 cion<
1612 3826 1693 3880 καὶ
1722 3828 1972 3890 ἑξήκοντα.
1996 3834 2092 3882 En.
2117 3862 2197 3872 —-
2224 3836 2393 3886 Medio
2421 3839 2474 3889 in

1457 3909 1567 3957 foro
1599 3923 1767 3958 omnes
1793 3907 1945 3971 virgis
1971 3909 2087 3955 caesi
2105 3926 2166 3958 ac
2191 3912 2472 3977 seem-iper-

1457 3987 1605 4044 cassi,
1626 3986 1739 4036 vide
1763 3985 1826 4034 ad
1845 3988 1895 4042 I,
1912 3986 2005 4042 26,
2032 4003 2081 4034 n.
2108 3989 2156 4036 6.
2175 4014 2243 4028 ——
2265 3993 2362 4038 Pto
2386 3993 2473 4044 im·

1457 4064 1650 4115 molaris
1687 4065 1736 4112 in
1764 4061 1889 4127 foro
1924 4065 2336 4127 Tarquiniensium
2375 4075 2469 4120 Ro-

1458 4145 1644 4201 manis,
1670 4143 1787 4196 vide
1810 4158 1955 4207 supra
1982 4158 2087 4207 cap.
2120 4145 2198 4191 15.
