3000 4717
496 381 586 476 78
1306 377 1385 444 T.
1455 375 1733 444 [ΠΗ
2328 358 2453 459 ῧῐὲῑ
2476 362 2569 460 ‘3331

488 501 673 573 lictis
713 498 969 570 sauciis
1007 511 1079 567 et
1117 519 1376 595 magna
1413 507 1616 594 parte
1646 492 2332 593 impedimentorum
2354 553 2373 588 ‚
2404 501 2622 574 ambo

487 636 625 710 pro
655 610 858 681 victis
887 609 1244 679 exercitus
1276 608 1451 679 sein
1474 620 1762 678 montes
1796 608 2165 705 proximos
2189 612 2619 709 reciperent.

487 720 838 793 Tumulus
888 715 1133 789 tamen
1180 718 1688 788 circumsessus
1731 718 1921 789 ultra
1965 718 2280 791 mediam
2327 736 2617 796 noctem

488 846 595 904 est
630 858 645 900 ε
691 854 841 926 quo
886 852 1116 926 quum
1166 827 1860 899 circumsedentibus
1910 830 2328 903 nuntiatum
2376 847 2564 905 esset
2597 889 2618 923 ‚

486 955 713 1012 castra
742 938 1025 1010 deserta
1045 962 1197 1010 esse
1219 992 1238 1026 ,
1270 938 1498 1008 victos
1527 940 1664 1008 rati
1686 962 1890 1029 suos,
1910 954 1984 1011 et
2002 941 2140 1038 ipsi
2158 996 2178 1030 ‚
2199 966 2344 1038 qua
2372 965 2619 1040 quem-

486 1077 630 1149 que
657 1052 735 1120 in
757 1047 1076 1120 tenebris
1097 1071 1322 1146 pavor
1338 1048 1508 1119 tulit
1524 1103 1542 1137 ‚
1565 1046 1929 1145 fugerunt.
1959 1052 2395 1149 Tempanius
2419 1067 2622 1125 metu

481 1160 906 1234 insidiarum
952 1180 1121 1231 suos
1141 1154 1171 1200 ⁵
1199 1156 1288 1229 ad
1324 1158 1561 1230 lucem
1606 1160 1884 1230 tenuit:
1929 1160 2307 1259 degressus
2356 1161 2620 1235 deinde

480 1274 633 1370 ipse
657 1294 821 1342 cum
847 1271 1094 1368 paucis
1120 1269 1574 1368 speculatum
1591 1325 1610 1359 ‚
1632 1295 1859 1367 quum
1890 1269 1983 1342 ab
2011 1272 2267 1343 sauciis
2284 1272 2617 1356 hostibus

390 1445 401 1466 ι
481 1382 910 1455 sciscitando
933 1382 1399 1479 comperisset
1414 1436 1433 1470 ‚
1450 1381 2117 1453 castraVolscorum
2134 1380 2414 1456 deserta
2439 1405 2613 1474 esse,

478 1493 684 1565 laetus
712 1494 803 1564 ab
832 1493 1122 1564 tumulo
1152 1517 1321 1563 suos
1345 1492 1687 1582 devocat,
1718 1506 1791 1563 et
1819 1491 1895 1562 in
1924 1506 2152 1562 castra
2176 1513 2477 1562 romana
2501 1517 2616 1590 pe·

476 1618 737 1675 netrat.
767 1602 913 1674 Ubi
936 1627 1164 1698 quum
1193 1617 1384 1673 vasta
1423 1605 1855 1696 desertaque
1884 1604 2128 1671 omnia
2149 1656 2169 1687 ‚
2190 1616 2407 1699 atque
2435 1626 2617 1675 eam·

479 1710 646 1782 dem
664 1763 683 1797 ‚
706 1736 926 1805 quam
947 1736 1037 1803 ap
1046 1710 1143 1775 ud
1161 1710 1408 1780 hostes
1426 1764 1445 1796 ‚
1477 1708 1877 1780 foeditatem
1891 1707 1924 1754 ⁶
1939 1712 2327 1783 invenisset
2348 1767 2369 1802 ,
2391 1714 2617 1811 prius·

478 1844 699 1918 quam
718 1818 1017 1890 Volscos
1038 1816 1371 1915 cognitus
1389 1842 1596 1888 error
1607 1819 1988 1893 reduceret
2006 1877 2025 1911 ‚
2047 1821 2318 1919 quibus
2332 1837 2616 1922 poterat

478 1932 735 2002 sauciis
776 1927 1010 2000 ductis
1047 1952 1289 1999 secum
1308 1984 1327 2017 ‚
1366 1929 1659 2026 ignarus
1691 1953 1912 2024 quam
1940 1933 2319 2028 regionem
2362 1932 2614 2006 consul

477 2044 770 2142 petisset
788 2097 807 2129 ‚
842 2038 933 2111 ad
967 2039 1223 2111 urbem
1254 2039 1607 2137 proximis
1649 2037 2030 2110 itineribus
2065 2044 2321 2138 pergit.

572 2156 720 2223 XL.
743 2156 897 2222 Jam
928 2175 1016 2222 eo
1041 2148 1229 2220 fama
1262 2173 1522 2246 pugnae
1552 2145 1865 2219 adversae
1907 2163 2453 2247 castrorumque
2482 2152 2614 2225 de-

477 2276 837 2333 sertorum
872 2260 1146 2357 perlata
1182 2271 1373 2347 erat3
1402 2272 1475 2329 et
1515 2269 1682 2329 ante
1722 2259 1966 2329 omnia
2011 2258 2366 2355 deplorati
2406 2278 2618 2335 erant

475 2374 758 2467 equites
779 2425 798 2456 ‚
837 2395 985 2440 non
1027 2371 1306 2465 privato
1350 2368 1578 2465 magis
1626 2391 1847 2465 quam
1879 2366 2175 2467 publico
2211 2357 2456 2457 lu'ctu3
2484 2375 2615 2441 Fa·

471 2478 785 2576 biusque
806 2478 1083 2566 consul,
1109 2491 1386 2549 terrore
1401 2477 1569 2548 urbi
1589 2501 1892 2576 quoque
1907 2478 2202 2574 injectu,
2226 2479 2613 2580 stationem

473 2602 642 2659 ante
689 2600 935 2685 portas
986 2585 1240 2683 agebat
1277 2611 1292 2655 τ
1335 2612 1564 2684 quum
1619 2590 1936 2685 equites,
1980 2587 2236 2686 procul
2279 2589 2410 2659 visi
2459 2614 2612 2659 non

471 2699 626 2770 sine
667 2713 941 2770 terrore
986 2695 1079 2768 ab
1120 2696 1360 2769 dubiis
1383 2754 1401 2788 ‚
1437 2700 1736 2796 quinam
1776 2713 2015 2772 essent
2035 2754 2055 2788 ‚
2093 2723 2266 2770 mox
2307 2700 2607 2796 cogniti,

471 2822 744 2879 tantam
777 2834 866 2879 ex
897 2822 1098 2879 metu
1123 2807 1440 2880 laetitiam
1462 2807 1697 2881 fecere
1715 2864 1735 2898 ‚
1755 2823 1836 2882 ut
1865 2810 2136 2881 clamor
2162 2807 2421 2880 urbem
2448 2832 2606 2906 per-

467 2921 759 2991 vaderet
786 2920 1337 3018 gratulantium,
1355 2919 1585 2991 salvos
1615 2922 2069 3018 victoresque
2106 2919 2375 2991 redisse
2405 2918 2606 3014 equi-

467 3041 576 3098 tes
609 3058 625 3098 :
666 3044 738 3100 et
773 3055 862 3101 ex
900 3031 1175 3101 moestis
1213 3032 1434 3128 paulo
1465 3044 1634 3102 ante
1678 3030 2015 3102 domibus
2041 3084 2061 3119 ,
2092 3041 2295 3127 quae¹
2331 3029 2606 3101 concla-

465 3152 836 3207 maverant
870 3145 1040 3209 suos
1058 3192 1076 3226 ‚
1106 3154 1659 3235 procurreretur
1685 3140 1762 3210 in
1797 3142 1985 3228 vias3
2017 3138 2433 3236 pavidaeque
2456 3163 2603 3209 ma-

400 3344 406 3347 <
439 3259 610 3349 'tres
648 3270 730 3323 ac
767 3249 1142 3344 conjugm,
1180 3247 1420 3322 oblitae
1459 3274 1606 3346 prae
1642 3248 1907 3348 gaudio
1944 3248 2224 3321 decoris
2253 3305 2273 3339 ‚
2314 3248 2602 3322 obviam

460 3358 733 3462 ‘agmini
780 3373 1246 3430 occurrerent
1267 3413 1286 3447 ‚
1317 3360 1434 3427 in²
1480 3383 1648 3429 suos
1696 3383 2001 3455 quaeque
2043 3358 2256 3432 simul
2295 3378 2602 3454 corpore

538 3572 585 3622 5.
605 3574 723 3620 Suos
744 3571 818 3619 ad
832 3571 984 3619 lucem
1005 3571 1185 3630 tenuit,
1213 3571 1413 3621 retinuit
1431 3571 1486 3619 in
1645 3573 1769 3622 Cn.
1803 3574 1911 3622 xl..
1950 3588 1991 3620 1.
2030 3575 2152 3635 Quoe
2178 3572 2607 3620 conclamaverant

464 3651 674 3700 tumulo.
700 3654 957 3722 Degressus
981 3650 1163 3717 (scilic.
1186 3652 1246 3699 de
1265 3649 1484 3716 tumulo)
1573 3668 1683 3699 suos
1713 3662 1943 3715 tanquam
1973 3663 2226 3712 mortuos;
2264 3650 2326 3707 de
2352 3661 2451 3713 quo
2473 3655 2605 3695 vete·

464 3745 557 3792 pro
597 3731 729 3796 vulg.
766 3731 1017 3797 Digressus
1047 3731 1212 3797 recepi
1239 3747 1303 3780 ex
1340 3730 1481 3780 editt.
1572 3748 1681 3779 rum
1713 3746 1850 3779 more
1882 3730 1998 3779 vide
2022 3731 2086 3780 ad
2114 3732 2223 3788 111,
2246 3728 2339 3787 38,
2367 3743 2424 3774 n.
2458 3723 2515 3784 3,
2552 3733 2604 3773 et

466 3808 770 3872 quibusdam.
1572 3809 1634 3858 ad
1661 3809 1747 3862 Sil.
1778 3809 1854 3869 11,
1880 3810 2082 3871 647.--
2102 3808 2254 3873 Apud
2272 3806 2502 3869 antiquos
2519 3817 2601 3852 so·

537 3887 585 3933 6·
611 3887 894 3941 Foeditatem
932 3889 1207 3948 invenisset,
1244 3889 1373 3942 foeda
1406 3889 1487 3937 de·
1571 3889 1716 3937 lenne
1730 3901 1833 3938 erat
1841 3900 2088 3949 mortuos,
2105 3897 2363 3952 antequam
2374 3884 2599 3950 sepulcro

465 3975 706 4011 sertorum
725 3977 993 4014 castrorum
1010 3969 1241 4032 vestigia3
1266 3971 1489 4017 Doer.—-
1575 3968 1791 4032 reliquia
1810 3967 2172 4026 mandarentur,
2190 3980 2374 4031 magna
2389 3975 2465 4011 ter
2477 3973 2600 4011 voce
2643 4009 2646 4012 ,

470 4041 652 4105 Quibus
674 4054 878 4106 poterat
905 4046 1083 4094 sauciis
1112 4046 1269 4096 ductis
1301 4042 1493 4107 secum.
1574 4047 1784 4096 vocari.-
1804 4046 1916 4095 vide
1929 4045 2070 4112 Virg.
2092 4045 2314 4101 AEn.vl,
2333 4042 2450 4091 506.
2470 4041 2561 4090 En.

469 4119 583 4168 vide
605 4120 669 4169 ad
698 4122 747 4179 1,
777 4136 872 4182 29,
894 4138 944 4170 n.
971 4131 1019 4178 4.
1648 4143 1697 4173 2.
1729 4128 1792 4171 In
1830 4141 1942 4172 suos
1974 4138 2180 4188 quaeque
2216 4121 2363 4171 simul
2393 4133 2599 4186 corpore
