3000 4717
474 370 562 452 14
1307 367 1383 435 T.
1450 366 1729 435 L1v11
2285 339 2538 472 2:52132'

469 520 504 554 ι(
539 486 827 559 oriundi
864 509 951 559 ex
979 486 1271 559 Albanis
1306 501 1379 558 et
1406 486 1683 558 Sabinis
1699 483 1754 574 ³,
1782 505 1934 556 non
1959 507 2224 583 genere
2253 511 2390 559 nec
2421 511 2578 560 san·

467 629 504 665 ι(
538 602 757 697 guine
778 653 797 687 ,
834 597 959 669 sed
995 621 1126 695 per
1157 598 1690 694 cooptationem
1724 597 1801 666 in
1832 600 2072 668 Patres
2105 596 2383 668 habetis
2401 653 2421 687 ‚
2457 613 2583 672 aut

467 744 503 778 «
541 712 633 783 ab
681 709 970 808 regibus
1019 710 1221 804 lecti,
1268 723 1392 779 aut
1426 722 1590 808 post
1632 736 1835 808 reges
1877 726 2160 783 exactos
2202 711 2404 808 jussu
2444 739 2580 812 po-

466 853 501 887 «
536 822 731 920 puli:
767 823 1116 892 sinceram
1152 843 1429 892 servare
1460 824 1797 919 privatis‘*
1832 824 2140 894 consiliis
2182 849 2334 896 non
2377 839 2580 923 pote-

466 963 501 998 «
536 934 706 1003 ratis
731 986 751 1020 ,
797 956 933 1002 nec
975 925 1312 1002 ducendo
1361 955 1450 1003 ex
1505 932 1754 1029 plebe,
1794 958 2036 1030 neque
2085 947 2350 1005 vestras
2398 935 2582 1006 filias

467 1073 501 1110 (ι
534 1064 960 1139 sororesque
1002 1041 1323 1113 enubere
1356 1044 1662 1114 sinendo
1692 1068 1732 1114 e
1770 1044 2144 1115 Patribus?
2180 1067 2396 1115 nemo
2431 1045 2580 1142 ple·

464 1183 498 1217 «
532 1151 739 1223 beius
772 1153 1082 1248 patriciae
1109 1153 1364 1248 virgini
1400 1154 1543 1222 vim
1581 1152 1871 1225 afferret
1903 1180 1917 1222 :
1954 1156 2419 1252 patriciorum
2449 1157 2585 1225 ista

466 1261 763 1333 «libido
814 1259 973 1333 est⁵
1013 1289 1027 1330 ε
1081 1285 1296 1334 nemo
1356 1264 1664 1334 invitum
1716 1265 2131 1361 pactionem
2185 1263 2587 1362 nuptialem

463 1403 497 1438 «
530 1397 971 1469 quemquam
1003 1371 1235 1445 facere
1279 1376 1644 1471 coegisset.
1677 1379 1950 1446 Verum
1987 1377 2180 1446 enim
2215 1399 2390 1446 vero
2429 1376 2582 1471 lege

463 1514 498 1548 α
529 1482 603 1551 id
650 1480 1053 1578 prohiberi,
1088 1497 1162 1553 et
1198 1484 1649 1555 connubium
1685 1485 1842 1556 tolli
1875 1489 2164 1556 Patrurn
2201 1509 2283 1554 ac
2316 1484 2580 1581 plebis,

460 1625 496 1660 ι(
529 1593 607 1662 id
638 1591 931 1661 demum
961 1592 1564 1662 contumeliosum
1593 1594 1789 1690 plebi
1817 1608 1923 1663 est
1948 1621 1966 1659 ε
1996 1590 2174 1662 cur·⁶
2205 1594 2397 1663 enim
2430 1615 2581 1661 non

461 1734 494 1769 «
535 1701 905 1787 confertis,
924 1725 1016 1769 ne
1037 1701 1125 1770 sit
1147 1700 1598 1771 connubium
1619 1703 1963 1776 divitibus
1995 1725 2076 1774 ae
2104 1701 2584 1800 pauperibus?

463 1844 495 1879 «
528 1811 743 1903 Quod
766 1822 790 1865 7
816 1810 1259 1906 privatorum
1294 1811 1762 1881 consiliorum
1795 1813 2071 1909 ubique
2098 1835 2381 1910 semper
2414 1810 2583 1903 fuit,

462 1954 494 1987 «
532 1936 613 1993 ut
635 1977 654 2011 ‚
696 1923 772 1991 in
824 1909 1042 2017 quarn
1107 1920 1372 2015 cuique
1429 1919 1711 1991 feniinae
1757 1925 2207 1994 convenisset
2247 1924 2584 2011 domum,

534 2144 583 2190 3.
617 2141 842 2206 Plerique
873 2140 1069 2187 oriundi
1098 2154 1163 2187 ex
1197 2139 1403 2187 Albanis
1433 2151 1483 2188 et

460 2222 674 2279 Sabinis,
702 2221 815 2268 vide
841 2223 889 2279 1,
924 2235 980 2281 17
1016 2230 1066 2267 et
1092 2219 1173 2266 30.
1197 2245 1262 2255 —
1292 2220 1397 2266 Aut
1415 2217 1479 2265 ab

1639 2141 1689 2189 6,
1720 2141 1816 2188 Cur
1837 2141 1962 2189 enim
1986 2151 2084 2189 non
2110 2140 2360 2207 consertis,
2383 2142 2586 2206 insuper

1567 2218 1645 2266 vel
1667 2236 1759 2267 una
1783 2231 1831 2267 et
1850 2221 1992 2267 simul
2006 2222 2161 2284 legem
2179 2220 2335 2279 fertis,
2359 2221 2413 2269 in
2430 2237 2486 2268 en
2503 2215 2586 2269 ad-

460 2303 648 2366 regibus
675 2300 785 2348 lecti
808 2300 859 2347 in
887 2301 1078 2355 Patres,
1105 2309 1196 2344 aue
1209 2309 1326 2361 pose
1348 2313 1480 2361 reges

459 2392 660 2427 exactos
665 2379 806 2444 jussu
815 2378 992 2441 populi
1004 2394 1022 2423 .·
1045 2398 1071 2416 α
1083 2396 1193 2428 nam
1212 2389 1327 2444 post
1345 2391 1480 2439 reges

459 2470 655 2507 exactos
681 2459 733 2504 in
760 2458 851 2504 hae
881 2474 935 2504 re
957 2458 1273 2507 intervenisse
1292 2458 1480 2517 jussum

454 2536 797 2601 suffragiumve
811 2537 1000 2600 populi,
1013 2537 1240 2601 idemque
1251 2536 1375 2584 adeo
1388 2535 1479 2582 sub

456 2615 652 2679 regibus
672 2615 993 2662 necessarium
1012 2616 1182 2673 finisse,
1203 2615 1348 2663 docet
1364 2615 1482 2661 Dio-

459 2712 573 2760 nys.
599 2697 676 2752 H,
705 2695 916 2753 4731V,
944 2694 1004 2753 33
1029 2696 1096 2753 V,
1123 2703 1214 2753 403
1239 2706 1287 2742 et
1313 2695 1384 2742 eie
1405 2710 1481 2741 ae-

460 2774 620 2838 cipio,
646 2789 796 2837 quum
827 2774 1067 2836 quosdam
1101 2791 1130 2821 a
1168 2775 1390 2823 Patribus
1427 2774 1481 2822 in

460 2853 694 2917 patricIOs
713 2863 971 2916 cooptatos
990 2853 1192 2917 legimus
1204 2887 1218 2911 ‚
1233 2865 1287 2902 ut
1303 2855 1390 2901 inf.
1409 2856 1484 2917 X,

462 2934 520 2993 8,
543 2944 593 2980 et
613 2931 745 2997 apud
769 2933 900 2980 Suet.
923 2932 1036 2980 Tib.
1056 2936 1080 2980 1
1103 2949 1154 2988 »ς
1176 2932 1308 2981 an.
1380 2959 1385 2964 ·

530 3019 577 3066 4.
604 3011 811 3058 Privatis
829 3011 1066 3069 consiliis,
1088 3013 1155 3060 ita
1169 3023 1224 3060 ut
1236 3028 1338 3060 non
1355 3027 1480 3076 opus

459 3089 629 3136 fuisset
667 3089 810 3136 vobis
844 3090 950 3153 lege
989 3090 1070 3136 ina
1085 3122 1101 3147 ‚
1128 3106 1155 3137 a
1193 3091 1478 3138 decemviris

456 3168 569 3214 lata.
598 3166 740 3213 Couf.
768 3178 872 3214 not.
899 3183 1025 3226 7.——-
1038 3168 1262 3214 Enubere
1278 3183 1305 3214 e
1322 3167 1479 3215 Patri·

460 3245 563 3300 bus,
586 3259 676 3308 per
692 3244 1070 3304 connuhiumex
1088 3245 1480 3309 ordinefflunilh

461 3335 511 3371 et
525 3322 697 3385 gente)
714 3323 924 3386 patricio
937 3324 989 3370 in
1002 3324 1247 3388 plebeium
1258 3358 1273 3381 ‚
1299 3326 1402 3383 vel,
1425 3336 1479 3373 ut

458 3403 719 3460 XXXIX,
742 3416 830 3464 19,
844 3401 897 3448 in
912 3413 1103 3465 gentem
1120 3402 1478 3466 honestiorem,

460 3481 692 3539 trannin,
714 3496 882 3528 ausser
902 3481 1079 3528 seiuem
1103 3483 1285 3528 Seande
1309 3482 1481 3530 beura-

462 3561 600 3617 then,
622 3559 807 3609 Stroth.
836 3560 911 3607 Cf.
936 3562 1014 3619 X,
1037 3562 1128 3618 233
1156 3563 1358 3620 XXVI,
1384 3564 1478 3622 343

460 3641 719 3698 XXXIX,
753 3654 832 3701 19.
861 3639 939 3686 Sic
962 3650 1131 3689 contra
1159 3640 1410 3699 innubere,
1429 3657 1477 3688 v.

462 3719 526 3766 ad
548 3721 599 3779 1,
628 3720 718 3777 34,
745 3735 794 3765 n.
825 3726 873 3773 4.

534 3797 583 3844 5.
613 3797 936 3856 Patr-ieiunam
956 3797 1051 3845 ista
1076 3797 1224 3845 libido
1250 3809 1343 3855 esc,
1365 3814 1415 3846 v..
1436 3814 1479 3847 e.

462 3874 619 3939 Appii
637 3874 913 3922 decemviri.
931 3877 1056 3923 Tota
1076 3877 1235 3925 oratio
1253 3878 1396 3942 plena
1409 3889 1482 3925 est

462 3953 742 4000 acerbarum
764 3952 959 4015 quidem
971 3987 986 4010 ‚
1003 3954 1091 4001 sed
1104 3966 1152 4002 et
1169 3956 1387 4018 gravium
1405 3974 1485 4005 ve-

461 4047 717 4095 rarumque
736 4032 1079 4080 sententiarum
1091 4067 1107 4092 ,
1129 4049 1237 4097 qua
1255 4037 1481 4100 omnibus

464 4109 765 4159 inculcanda
790 4120 903 4157 mut
928 4110 1190 4161 nobilibus.

1569 2297 1699 2345 ditis.
1724 2299 1951 2346 Similiter
1973 2301 2047 2357 X,
2073 2300 2132 2346 18
2156 2315 2232 2364 pr.
2256 2299 2587 2347 consciverant

1569 2376 1769 2434 bellum,
1809 2378 1951 2440 simul
1985 2377 2063 2425 vel
2095 2380 2311 2426 unanimi
2346 2393 2588 2427 consensu

1567 2456 1893 2520 omnibusque
1905 2457 2145 2522 suffragiis
2158 2459 2415 2518 sciverant,
2428 2457 2589 2505 decre-

1567 2546 1763 2594 verant,
1787 2536 1866 2584 vel
1888 2537 2048 2601 simpl.
2069 2538 2335 2595 sciverant,
2351 2538 2467 2596 XL,
2492 2537 2558 2591 45
2569 2552 2588 2599 3

1568 2621 1820 2677 tempestas
1843 2615 2035 2680 aliquot
2052 2615 2191 2681 signa
2218 2615 2478 2663 constravit
2491 2650 2505 2671 ‚
2528 2615 2590 2662 si·

1568 2694 1694 2753 mul,
1729 2709 1826 2742 una
1858 2695 2053 2754 stravit,
2077 2696 2157 2744 vel
2189 2694 2349 2761 simpl.
2382 2695 2581 2754 stravit5

1570 2774 1864 2821 conscribere
1878 2808 1893 2832 ‚
1931 2776 2264 2832 conclamare,
2292 2785 2384 2821 ete.
2419 2791 2467 2821 v.
2499 2774 2587 2820 Er-

1575 2854 1702 2901 nesti
1724 2853 1786 2900 ad
1812 2856 1942 2901 Suet.
1973 2854 2142 2902 Claud.
2177 2855 2241 2901 38
2259 2887 2276 2913 ,
2299 2863 2348 2900 et
2367 2868 2500 2917 supr.
2525 2851 2588 2898 ad

1577 2934 1628 2991 1,
1652 2931 1740 2990 32,
1771 2945 1820 2978 n.
1853 2947 1932 2978 12.

1644 3026 1690 3070 7.
1729 3009 1875 3071 Quod
1899 3010 2203 3072 privatorum
2244 3008 2583 3066 consiliorum,

1568 3101 1644 3134 res
1665 3088 1842 3151 privati
1871 3087 2063 3134 consilii
2097 3098 2146 3133 et
2180 3086 2242 3134 ab
2268 3102 2328 3134 eo
2358 3088 2434 3134 vel
2459 3088 2587 3136 arbi·

1566 3166 1662 3213 trio
1682 3165 1934 3212 hominum
1951 3165 2196 3230 pendeus,
2216 3165 2391 3229 ubique
2406 3179 2591 3230 semper

1551 3243 1685 3309 ficit,
1714 3255 1798 3303 ut,
1832 3244 1879 3291 in
1914 3257 2065 3307 quam
2089 3244 2284 3290 domum
2314 3244 2586 3303 innubere,

1568 3337 1657 3387 per
1693 3321 1887 3387 nuptias
1923 3323 2127 3370 transire
2141 3357 2155 3380 ‚
2192 3322 2366 3387 cuique
2382 3322 2589 3388 feminoe

1568 3401 1884 3458 convenisset,
1912 3409 2079 3465 aptum
2100 3401 2291 3460 fuisset,
2317 3401 2396 3449 vel
2423 3401 2588 3466 potius

1567 3482 1826 3546 placuisset
1838 3516 1852 3540 ‚
1868 3482 1921 3528 in
1944 3497 2050 3530 eam
2069 3481 2289 3538 nuberet,
2313 3491 2387 3540 et,
2407 3496 2471 3526 ex
2487 3489 2588 3543 qua

1569 3561 1714 3608 domo
1725 3561 1809 3607 vir
1822 3562 2232 3628 feminampaetus
2244 3571 2385 3615 esset,
2405 3559 2588 3623 pactio-

1566 3653 1680 3687 nem
1697 3653 1809 3689 cum
1828 3656 1883 3688 ea
1898 3638 2166 3704 nuptialem
2184 3638 2405 3697 fecisset(
2415 3647 2469 3682 ut
2486 3637 2587 3683 fere

1560 3731 1713 3783 paeto
1743 3719 1906 3798 fiatri
1946 3720 2127 3776 XLIV,
2161 3727 2251 3774 4o;
2288 3727 2400 3761 mun
2437 3715 2587 3779 vulgo

1568 3799 1728 3863 puella
1766 3799 2017 3847 dicebatur
2051 3797 2158 3844 viro
2184 3803 2370 3858 pacta,
2400 3794 2461 3841 de
2488 3807 2587 3857 quo

1570 3878 1684 3925 vide
1699 3878 1764 3925 ad
1779 3878 2001 3927 Juvenal.
2016 3875 2089 3921 vl
2101 3907 2115 3932 ,
2135 3889 2162 3920 α
2172 3873 2231 3937 53
2249 3871 2510 3922 Ruhnken.
2525 3872 2588 3919 ad

1570 3956 1838 4016 Vesseium,
1861 3959 1911 4016 1,
1937 3971 1958 4001 ι
1973 3989 1988 4011 ,
2006 3963 2054 4001 et
2076 3951 2206 3999 nuk.
2220 3952 2308 4000 inf.
2328 3953 2391 4001 ad
2406 3945 2587 4009 XMV,

1575 4034 1660 4101 30)
1670 4071 1684 4096 ,
1703 4036 1753 4083 in
1771 4033 2129 4083 matrimonium
2142 4048 2252 4080 eam
2261 4033 2374 4080 etin
2389 4029 2587 4079 domum

1569 4131 1702 4164 suam
1726 4115 1932 4162 duceret.
