3000 4717
471 301 861 405 ‘3:313231333:
910 323 1101 391 LIB.
1153 324 1238 392 v.
1294 323 1506 411 oAP.
1564 324 1810 388 xxx.
1865 326 2151 391 xxxi.
2425 324 2554 395 183

434 451 714 516 mutari.
762 445 889 533 His
936 440 1561 536 adhortationibus
1606 442 1947 539 principis
1965 438 1995 485 ⁵
2043 445 2383 515 concitati
2418 451 2553 516 Pa-

433 569 578 626 tres
600 608 620 641 ‚
675 574 883 626 senes
922 554 1401 649 juvenesque,
1448 574 1678 649 quum
1729 550 2041 622 ferretur
2074 553 2228 642 lex,
2268 556 2555 652 agmine.

432 663 620 736 facto
644 667 722 735 in
741 663 983 736 forum
1006 676 1366 735 venerunt
1392 663 1897 762 :dissipatique
1925 684 2060 760 per
2086 663 2351 755 tribus,
2384 690 2556 738 suos

434 777 743 872 quisque
780 775 1080 847 tribules
1122 788 1581 873 prensantes,
1615 795 1828 845 orare
1867 796 2034 846 cum
2062 772 2390 871 lacrymis
2416 802 2556 849 coe-

431 907 605 982 pere
622 938 641 974 ‚
683 891 802 958 Ne
829 908 990 956 eam
1009 891 1337 984 patriam
1346 936 1367 971 ,
1382 904 1533 982 pro
1558 908 1710 984 qua
1712 889 2107 977 formsime
2110 884 2559 978 fhltlcclssime·

432 1020 576 1093 que
601 1001 735 1093 zpsi
759 1020 851 1067 ao
855 1011 1111 1096 patres
1139 1014 1388 1068 eorum
1414 995 1907 1084 dimicassent,
1944 996 2374 1083 deseres-ent,
2419 1000 2557 1067 Ca—

432 1106 799 1202 pitolium,
839 1102 1063 1177 aedem
1107 1112 1371 1194 Vestae,
1411 1121 1667 1179 caetera
1703 1108 1890 1178 cirea
1937 1106 2214 1205 templa
2252 1107 2559 1177 deorum

433 1231 897 1290 ostentantes,
946 1226 1064 1292 Ne
1104 1219 1425 1292 exsulem
1448 1273 1465 1303 ,
1516 1233 1877 1287 extorrem
1906 1216 2281 1313 populum
2313 1240 2561 1288 roma-

432 1352 607 1398 num
641 1327 741 1398 ab
782 1330 938 1402 solo
970 1338 1208 1428 patrio
1252 1355 1346 1401 ac
1396 1330 1534 1399 dic&
1557 1327 1948 1424 penatibus
1966 1333 2058 1396 -in
2096 1327 2406 1398 hostium
2445 1350 2558 1398 ur-

436 1434 597 1508 bem
623 1459 956 1536 agerent5
982 1465 1213 1538 eoque
1238 1458 1387 1509 rem
1413 1438 1879 1522 adducerent,
1919 1452 1999 1506 ut
2024 1436 2552 1528 meliusfuerc’t‚

431 1570 581 1617 non
609 1555 780 1646 oapi
796 1555 1007 1620 Veios
1023 1605 1041 1635 ‚
1074 1575 1165 1620 ne
1181 1555 1422 1621 Roma
1446 1549 1900 1620 desererem.
1924 1549 2116 1639 Quia
2139 1570 2294 1618 non
2321 1550 2392 1617 vi
2409 1572 2562 1645 age·

432 1653 645 1744 bant,
697 1657 824 1728 sed
872 1658 1250 1755 precibus,
1309 1672 1382 1730 et
1428 1661 1617 1730 inter
1662 1680 1912 1756 preces
1972 1659 2199 1729 multa
2248 1657 2557 1730 deorum

433 1768 709 1838 mentio
737 1782 889 1839 erat
906 1825 925 1858 ‚
955 1770 1369 1869 religiosum
1397 1771 1585 1868 parti
1609 1772 1935 1840 maximae
1966 1764 2191 1858 fuit⁶3
2230 1783 2302 1842 et
2325 1770 2557 1868 legem

405 1896 581 1946 -una
608 1879 854 1975 plures
877 1880 1113 1953 tribus
1140 1884 1611 1980 antiquarunt
1630 1937 1648 1971 ‚
1679 1902 1900 1977 quam
1920 1883 2322 1977 jusserunt:
2350 1881 2561 1950 adeo-

327 1998 330 1999 ’
435 2002 580 2084 que
625 2012 708 2060 ea
742 1994 1041 2064 victoria
1093 1994 1251 2066 laeta
1301 1992 1635 2065 Patribus
1680 1991 1851 2082 fuit,
1926 2007 2008 2063 ut
2051 2007 2345 2090 postero
2400 1990 2518 2061 die
2538 2044 2559 2073 ‚

430 2094 912 2174 referentibus
945 2105 1402 2194 consulibus,
1440 2100 2146 2177 senatusconsultum
2183 2101 2426 2189 fieret,
2478 2114 2562 2169 ut

431 2210 578 2304 agri
602 2214 962 2286 veientani
994 2231 1292 2315 septena
1312 2218 1605 2317 jugera⁷
1636 2214 1837 2314 plebi
1852 2214 2396 2301 dividerentur3
2425 2232 2563 2282 nec

432 2320 1040 2413 patribusfamiliae
1090 2340 1409 2415 tantum,
1452 2330 1580 2400 sed
1614 2341 1697 2398 ut
1744 2329 2073 2397 omniurn
2109 2328 2186 2395 in
2219 2325 2440 2396 domo
2474 2321 2562 2391 li·
2634 2382 2638 2389 .

348 2514 353 2519 ι
433 2424 782 2501 berorum
816 2437 1132 2532 capitum
1163 2442 1349 2508 ratio
1384 2439 1807 2526 haberetur3
1842 2437 2260 2533 vellentque
2292 2437 2373 2505 in
2403 2454 2564 2505 eam

436 2556 638 2633 spem
675 2539 940 2614 liberos
975 2546 1250 2617 tollere.

532 2654 790 2722 XXXI.
839 2656 945 2724 Eo
988 2669 1291 2727 munere
1313 2654 1650 2757 :delenita
1691 2658 1908 2753 plebe
1927 2711 1945 2741 ‚
1984 2657 2170 2726 nihil
2210 2671 2565 2726 certatum

436 2771 545 2829 est
565 2814 584 2848 ,
622 2776 774 2859 quo
798 2764 1036 2834 minus
1068 2764 1475 2837 consularia
1500 2766 1792 2835 comitia
1822 2764 2290 2834 haberentur.
2327 2765 2568 2833 Creati

435 2873 767 2945 consules
803 2875 1210 2946 L.Valerius
1246 2872 1521 2945 Potitus
1540 2930 1560 2965 ‚
1599 2879 1695 2945 M.
1733 2872 2044 2944 Manlius
2062 2924 2082 2961 ‚
2129 2874 2246 2942 cui
2276 2873 2566 2968 Capito-

435 2977 585 3050 lino
604 2997 859 3079 postea
885 2987 1099 3056 etiam
1123 2984 1261 3057 fuit
1289 3009 1704 3083 cognomen
1728 2994 1777 3053 ¹.
1806 2984 1897 3053 Hi
1917 2981 2252 3055 consules
2269 3000 2568 3078 magnos

437 3186 583 3234 urica
600 3192 772 3253 patria
795 3195 983 3243 victam
1007 3197 1213 3253 mutari,
1243 3211 1458 3243 eommu-
1546 3193 1662 3242 vide
1679 3193 1742 3241 ad
1758 3196 1836 3253 11,
1864 3180 1894 3240 5‘
1912 3228 1925 3252 ,
1949 3210 2001 3241 ιι.
2030 3201 2080 3250 4.
2103 3216 2174 3229 --
2192 3193 2261 3240 Ee
2289 3193 2444 3257 legem
2466 3206 2569 3237 una

440 3266 557 3322 tari,
580 3267 629 3315 h.
651 3285 694 3316 e.
716 3272 893 3320 victam
916 3275 1085 3323 urbem
1111 3274 1221 3323 fieri
1248 3275 1457 3340 patriam
1547 3271 1745 3340 (tribu)
1756 3275 1924 3337 plures
1947 3273 2097 3323 tribus
2110 3271 2252 3338 (vide
2267 3271 2332 3321 ad
2348 3274 2428 3331 ΙΙ,
2450 3287 2498 3332 7,
2517 3286 2569 3317 ιι.

439 3344 627 3394 deserta
643 3351 799 3399 Roma
815 3353 1031 3402 victrice.
1550 3353 1610 3420 3)
1631 3352 1977 3418 antiquarunt,
1998 3370 2048 3402 v.
2069 3352 2133 3401 ad
2150 3354 2242 3411 IV,
2262 3350 2326 3400 58
2340 3385 2356 3410 ,
2378 3367 2429 3397 ιι.
2456 3364 2534 3396 ιο.

513 3425 561 3472 5.
574 3426 664 3474 His
681 3429 1343 3496 adhortationibusprincipis
1351 3467 1369 3490 ,
1386 3450 1455 3482 sc.
1621 3449 1666 3492 7.
1691 3433 2087 3498 Septenajugera
2103 3431 2239 3497 agri,
2264 3430 2379 3478 vide
2397 3427 2461 3475 ad
2475 3427 2547 3472 VI
2559 3459 2575 3483 ‚

439 3507 657 3565 Camilli,
678 3509 765 3572 qui
786 3509 937 3557 modo
971 3512 1247 3560 orationem
1275 3512 1457 3569 babue-
1549 3510 1634 3570 36,
1650 3528 1701 3559 n.
1725 3512 2042 3561 5.—Liberos
2054 3513 2249 3569 tollere,
2268 3508 2383 3557 vide
2400 3506 2463 3554 ad
2480 3506 2573 3556 IV,

438 3596 540 3644 rat,
568 3598 617 3635 et
639 3603 753 3634 vere
777 3587 1008 3652 princeps
1031 3590 1243 3639 civitatis
1260 3589 1346 3655 (ut
1370 3594 1459 3639 Fa·
1550 3591 1645 3648 54,
1670 3608 1720 3641 n.
1747 3592 1801 3638 6.

437 3662 548 3711 blus
560 3699 574 3722 ‚
592 3667 694 3726 111,
714 3664 763 3731 1)
775 3677 825 3714 et
837 3682 959 3730 pace
972 3667 1199 3733 belloque
1209 3681 1318 3718 tum
1331 3681 1458 3730 erat,
1618 3670 1741 3717 Cu.
1756 3671 1954 3721 XXXI.
1978 3685 2023 3716 1.
2036 3670 2108 3716 M.
2123 3666 2340 3715 Manlius
2351 3698 2368 3725 ,
2387 3662 2468 3711 cui
2483 3662 2574 3708 Ca·

440 3749 545 3788 tum
567 3744 633 3791 itu
660 3745 839 3794 dicitur
857 3746 971 3794 infr.
991 3749 1066 3794 VI
1086 3746 1205 3811 (sed
1229 3749 1284 3796 in
1310 3749 1461 3797 dicta·
1539 3747 1752 3811 pitolino
1773 3760 1951 3812 postea
1978 3749 2126 3795 etiam
2137 3745 2247 3811 fitit
2269 3756 2533 3809 cognomen
2553 3768 2568 3796 ι

438 3831 548 3869 tura
564 3833 613 3870 et
624 3823 814 3885 adjecto
826 3825 1073 3891 nomine);
1091 3838 1141 3874 et
1153 3829 1272 3885 Vn,
1291 3842 1313 3873 1
1332 3839 1455 3876 extr.
1550 3826 1689 3890 quod
1708 3826 1791 3874 ille
1814 3826 1971 3874 multo
1999 3826 2172 3872 clarius
2197 3822 2439 3870 reddidit:
2461 3837 2569 3867 nam

429 3901 680 3965 pra-cipue
691 3901 899 3951 malebat
916 3903 1460 3954 Sotionem-prensam
1550 3904 1746 3952 familiae
1766 3904 1924 3952 eidem
1945 3902 2144 3951 Manliae
2166 3900 2289 3949 illud
2306 3903 2408 3962 jam
2434 3910 2573 3946 antea

441 3990 533 4039 tes,
556 3981 671 4028 vide
694 3981 758 4029 nd
780 3983 858 4039 11,
883 3981 969 4040 61,
987 3998 1037 4030 n.
1066 3991 1112 4039 4.
1551 3984 1646 4031 fuit
1668 3983 1829 4048 (conf.
1849 3984 1939 4042 IV,
1960 3991 2042 4043 42,
2061 3982 2156 4029 nisi
2182 3982 2326 4028 Vulso
2350 3980 2476 4027 forte
2502 3977 2577 4024 ibi

510 4060 560 4107 6.
588 4060 878 4126 Religio-cum
895 4062 1040 4127 parti
1068 4061 1302 4112 maxima:
1314 4061 1455 4128 fitit,
1547 4063 1641 4129 leg.
1668 4078 1761 4128 pro
1800 4058 2156 4127 Capitolinus),
2185 4062 2349 4108 forsan
2373 4074 2402 4106 a
2427 4057 2574 4105 doma»
