3000 4717
474 298 523 337 Δ.
550 297 598 337 C.
624 300 717 344 443.

470 356 716 399 uuam.
983 320 1304 389 LIBER
1368 325 1503 391 IV.
1573 325 1792 391 CAP.
1857 323 1960 391 II.
2483 346 2521 415 7

411 467 444 503 «ι
485 437 896 510 tribunitios
937 466 951 509 :
995 456 1289 512 ventum
1324 443 1471 538 jam
1517 442 1607 518 ad
1642 442 1864 518 finem
1908 461 2095 530 esse3
2134 441 2330 513 domi
2366 441 2528 539 plus

408 577 442 612 «
482 546 656 617 belli
699 550 1075 639 concitari,
1125 577 1341 647 quam
1396 552 1627 624 foris:
1673 553 1748 624 id
1768 564 1788 594 ¹
1837 552 2016 624 adeo
2063 577 2215 622 non
2256 551 2528 650 plebis,

409 688 442 722 «
487 682 705 753 quam
764 664 1095 750 Patrum3
1156 688 1394 760 neque
1455 662 1919 736 tribunorum
1977 662 2247 787 magi5‚
2309 685 2528 758 quam

412 796 445 831 «
488 769 910 859 consulum,
959 773 1171 870 culpa
1206 761 1547 847 accidere.
1591 775 1858 870 Cujus²
1893 775 2000 844 rei
2029 774 2420 872 praemium.
2441 774 2532 843 sit

410 906 444 941 «
482 878 562 949 in
590 879 908 970 civitate,
942 908 1098 954 eam
1127 886 1452 956 maximis
1489 910 1774 984 semper
1804 883 2130 956 auctibus
2166 907 2527 955 crescere·
2511 937 2530 971 ,

408 1016 442 1050 «
486 989 586 1059 sic
637 1014 811 1086 pace
867 991 1145 1084 bonoS‚
1203 996 1302 1066 sic
1356 996 1552 1071 bello
1602 994 1806 1068 fieri.
1853 997 2244 1068 maximum
2290 999 2533 1065 Romae

408 1126 442 1161 «
485 1101 861 1195 praemium
913 1104 1347 1181 seditionum
1402 1131 1603 1178 esse:
1648 1107 1722 1177 id
1775 1121 1847 1177 et
1890 1106 2188 1205 singulis
2241 1106 2531 1176 univer-

410 1235 443 1271 «
492 1210 728 1305 sisque
788 1238 1072 1338 semper
1135 1216 1400 1288 honori
1461 1189 2437 1292 fuisse.Re1niniscerentur
2459 1210 2531 1301 3,
2551 1216 2555 1220 “

410 1346 443 1381 «
488 1342 705 1413 quam
758 1324 1198 1419 majestatem
1251 1340 1541 1400 senatus
1591 1326 1727 1422 ipsi
1769 1350 1809 1396 a
1847 1324 2170 1421 patribus
2216 1325 2531 1420 accepis-

409 1456 443 1490 «
487 1445 647 1499 sent
671 1485 690 1519 ‚
729 1457 948 1528 quam
983 1436 1227 1508 liberis
1262 1435 1592 1506 tradituri
1622 1449 1895 1522 esseut,
1924 1448 2037 1521 ut,
2073 1433 2535 1530 quemadmo-

410 1564 443 1600 «
486 1537 658 1609 dum
686 1541 891 1638 plebs
917 1544 1204 1640 gloriari
1223 1557 1500 1641 posset,
1539 1544 1929 1615 auctiorem
1962 1542 2532 1640 amplioremque

410 1676 443 1711 «
487 1672 640 1720 esse
674 1677 690 1719 ε
738 1649 963 1723 finem
1013 1678 1184 1749 ergo
1234 1679 1390 1724 non
1437 1651 1633 1743 fieri,
1678 1677 1813 1723 nec
1857 1650 2208 1740 futuram,
2256 1649 2490 1738 donec
2511 1705 2530 1738 ‚

411 1786 444 1820 «
487 1781 708 1852 quam
760 1758 1001 1832 felices
1048 1762 1434 1836 seditiones
1455 1817 1474 1852 ‚
1518 1777 1663 1835 tam
1715 1762 2053 1833 honorati
2098 1760 2533 1833 seditionum

413 1895 447 1929 «
492 1880 822 1941 auctores
850 1887 1109 1944 essent.
1153 1876 1348 1964 Quas
1379 1888 1834 1972 quantasque
1863 1897 1976 1945 res
2004 1877 2083 1944 C.
2109 1871 2535 1946 Canuleium

413 2005 446 2039 «
484 1982 945 2074 aggressum?
982 1983 1464 2056 colluvionem
1513 1985 1870 2081 gentium,
1909 1981 2534 2081 perturbationem

481 2166 602 2214 Car.
627 2169 695 2217 11.
725 2185 769 2217 1.
796 2171 866 2218 Id
887 2171 1011 2219 adeo
1042 2171 1188 2240 (vide
1205 2173 1269 2221 ad
1284 2173 1426 2221 Praef.
1518 2173 1923 2236 quemadmodum
1930 2174 2068 2238 plebs
2087 2188 2219 2220 nunc
2236 2171 2540 2242 gloriaretur,

410 2259 467 2292 ¹¹⁶
497 2260 518 2290 ¹
530 2244 590 2310 5)
608 2262 706 2295 ’ΨΒ
723 2248 906 2313 Plebis,
928 2267 996 2299 ³0·
1011 2253 1186 2316 magis,
1205 2252 1342 2316 quod
1366 2267 1429 2300 ex
1518 2267 1604 2300 aua
1620 2253 1730 2313 jura
1751 2268 1854 2300 esse
1872 2264 2035 2312 aucta,
2061 2252 2133 2299 sie
2155 2249 2419 2314 aliquando
2436 2249 2540 2314 glo-

412 2338 514 2387 3941·
536 2327 698 2391 ἰιιΙΨῙ·
1517 2333 1643 2382 riari
1659 2344 1855 2400 posset,
1882 2332 1987 2380 scil.
2015 2340 2209 2380 senatus
2235 2327 2348 2393 (vel
2373 2327 2541 2394 potius

483 2419 532 2451 ο.
557 2404 701 2471 th’us
716 2407 790 2454 rei
791 2407 1050 2471 pra-mium
1062 2410 1150 2467 sit,
1165 2420 1258 2459 etc.
1271 2420 1326 2459 ut
1336 2411 1427 2458 inf.
1508 2423 1733 2475 possent,
1756 2427 1825 2458 sc.
1844 2413 2030 2471 Patres,
2057 2421 2139 2458 aut
2153 2444 2167 2467 ‚
2195 2407 2330 2472 quod
2355 2406 2541 2472 praesti-

413 2496 518 2545 eap.
540 2483 604 2530 35
619 2484 747 2532 med.
764 2502 820 2534 eo
840 2487 1052 2551 impendi
1068 2488 1281 2538 laborem
1293 2523 1311 2546 ‚
1332 2500 1427 2538 etc.

413 2560 582 2608 Bauer.
609 2577 801 2625 monet,
828 2568 1161 2631 syllogismum
1184 2569 1237 2615 h.
1265 2569 1299 2616 l.
1324 2584 1433 2617 ora-

412 2638 596 2686 torium
625 2656 754 2701 esee,
781 2646 1050 2706 perfectum
1081 2657 1131 2694 et
1161 2648 1359 2698 matoria
1385 2659 1435 2697 et

413 2716 570 2766 forma
586 2732 599 2767 ε
618 2719 853 2785 majorem
867 2739 886 2768 .·
907 2724 1044 2783 cujus
1065 2726 1138 2771 rei
1157 2726 1438 2789 praemium,

413 2804 505 2844 ete.
535 2797 768 2850 minorem
786 2817 806 2847 .·
822 2802 1110 2861 maximum,
1132 2813 1225 2849 ete.
1251 2803 1440 2850 conclu·

409 2873 595 2922 sionem
610 2891 629 2922 .·
646 2875 795 2936 finem
819 2891 937 2941 ergo
962 2892 1067 2926 non
1090 2878 1227 2936 fleri,
1252 2890 1345 2927 ete.
1365 2907 1436 2919 -—

414 2954 546 3000 Pace
568 2965 618 3000 et
635 2954 757 3002 bello
776 2956 925 3004 bonos
934 2991 950 3014 ,
974 2972 1135 3008 rerum
1153 2956 1372 3006 civilium
1386 2971 1436 3005 et

415 3032 635 3082 militaris
657 3033 844 3098 peritos
860 3068 874 3093 ,
893 3045 949 3084 ut
973 3051 1081 3100 cap.
1105 3037 1134 3084 3
1159 3036 1440 3083 extu—Id

419 3120 489 3166 ec,
511 3113 681 3170 etiam,
702 3111 900 3178 singulis
917 3114 1240 3179 universisque
1254 3130 1442 3179 semper

417 3187 594 3238 honori
599 3190 782 3256 fici-ese,
812 3208 879 3240 se.
907 3209 1103 3241 movere
1135 3192 1401 3241 seditiones
1426 3208 1440 3242 ε

400 3261 615 3332 'proprie
629 3285 712 3318 eas
721 3304 736 3326 ,
754 3286 822 3319 sc.
835 3270 1125 3333 seditiones;
1144 3273 1282 3337 quasi
1295 3271 1440 3324 dixi&

420 3356 493 3392 set
529 3347 824 3400 seditionum
861 3351 1234 3420 movenda-unu
1266 3353 1438 3401 Bauer.

421 3422 504 3470 Ad
528 3421 785 3486 proe'mium
817 3431 1014 3494 ejusque
1045 3431 1442 3480 consecutionem

422 3517 525 3549 non
546 3502 672 3551 bene
695 3507 912 3556 retuleris
929 3526 1043 3558 sane
1056 3511 1111 3561 τὸ
1127 3510 1184 3558 id
1184 3529 1209 3568 ,·
1225 3526 1340 3559 nam
1357 3525 1440 3559 eo-

423 3580 536 3629 dem
562 3598 708 3634 sensu
731 3599 850 3632 mox
875 3586 1082 3636 dieitur:
1108 3605 1258 3652 quam
1266 3587 1440 3654 felices

420 3659 703 3719 sediciones,
742 3673 845 3709 tam
883 3663 1112 3713 honorati
1153 3667 1442 3716 seditionum

425 3751 670 3796 auctores,
695 3750 746 3788 et
762 3739 871 3789 duae
887 3741 938 3789 h.
952 3743 985 3790 l.
1000 3757 1328 3796 memorantur
1339 3763 1415 3796 rea
1425 3781 1441 3806 ,

423 3817 710 3866 seditionum
724 3820 980 3883 proemium
1006 3833 1056 3870 et
1082 3821 1264 3882 honor,
1299 3841 1361 3874 ex
1380 3825 1443 3876 iis

424 3896 719 3946 redundans.

499 3977 545 4023 3.
572 3977 1025 4039 &minuent-entur,
1060 3997 1224 4030 secum
1251 3994 1444 4048 reputa-

427 4065 560 4115 rent,
586 4073 733 4119 quam
751 4059 1053 4132 magestatem
1065 4095 1078 4109 .
1099 4096 1112 4111 .
1130 4095 1143 4109 .
1165 4072 1340 4120 essent,
1363 4074 1440 4121 ut,

1519 2490 1635 2554 terit
1645 2526 1659 2549 ,
1671 2490 1870 2556 liberi),
1887 2490 2152 2537 auctiorem
2165 2487 2542 2551 amplioremque

1522 2585 1622 2617 esse
1640 2572 1937 2630 majestatem
1962 2585 2111 2616 suam.
2137 2571 2212 2615 Ita
2236 2568 2341 2615 haec
2364 2564 2513 2612 verba
2529 2598 2544 2621 ‚

1525 2648 1840 2697 distinetione
1852 2659 1965 2712 post
1967 2648 2107 2711 plebs
2114 2646 2272 2712 posita
2285 2679 2300 2705 ‚
2316 2643 2546 2694 videntur

1524 2727 1888 2792 interpretanda
1901 2761 1916 2787 ,
1951 2727 1994 2773 si
2023 2741 2136 2774 sana
2169 2735 2300 2773 sunt.
2334 2721 2547 2785 Quidam

1530 2818 1585 2854 ut
1617 2817 1874 2871 exponunt
1911 2821 2062 2869 quam
2092 2820 2275 2867 parum
2289 2836 2307 2859 ,
2342 2801 2450 2858 vel,
2473 2805 2545 2868 τῷ

1521 2899 1621 2932 esse
1632 2884 1814 2941 reciso,
1835 2881 2004 2946 quibus
2018 2881 2171 2928 modis
2189 2891 2238 2927 ec
2248 2878 2515 2926 rationibus
2528 2893 2546 2924 .-

1520 2962 1604 3012 alii
1636 2961 1896 3010 emendant
1930 2971 2114 3014 utrum,
2140 2954 2547 3021 quemadmodum

1511 3038 1677 3100 plebs,
1695 3035 1907 3102 gloriari
1909 3046 2078 3099 posset
2084 3070 2100 3092 ,
2125 3044 2436 3098 seupossene,
2459 3049 2548 3080 au-

1527 3114 1724 3162 ctiorem
1735 3114 2113 3178 amplioremque
2125 3128 2247 3170 esse,
2264 3111 2342 3159 vel
2362 3123 2521 3159 utrum
2531 3147 2545 3168 ‚

1527 3194 1933 3260 quemadmodum
1953 3193 2094 3258 plebs
2114 3191 2334 3258 gloriari
2353 3202 2546 3256 posset,

1527 3272 1794 3340 auctiorem
1837 3272 2256 3338 amplioremque?
2294 3271 2403 3329 vel,
2444 3285 2510 3317 an
2530 3304 2546 3326 ,

1529 3352 1934 3417 quemadmodum
1936 3352 2077 3415 plebs
2083 3387 2101 3409 ,
2114 3350 2326 3418 gloriari
2325 3360 2527 3414 possent
2530 3382 2546 3404 ,

1530 3447 1597 3479 sc.
1619 3433 1810 3490 Patres,
1834 3443 1926 3479 etc.
1942 3432 1964 3477 Ρ
1989 3430 2227 3484 Klockius
2250 3439 2410 3477 totum
2427 3426 2550 3484 hoe,

1530 3510 1980 3558 Reminiscereneur.
2003 3545 2016 3558 .
2040 3543 2053 3557 .
2075 3543 2087 3556 .
2114 3524 2243 3565 esse,
2277 3506 2406 3553 infra
2439 3515 2551 3552 ante

1528 3588 1678 3637 verba
1691 3588 1880 3638 Certum
1892 3588 2093 3644 habere,
2112 3597 2205 3634 etc.
2214 3582 2551 3650 reponendum

1529 3668 1747 3733 putabat.
1774 3665 2081 3716 probabilior
2108 3664 2236 3718 forte
2260 3672 2334 3710 est
2358 3671 2551 3710 senten-

1531 3747 1600 3793 tia
1617 3761 1784 3794 eorum
1797 3778 1812 3802 ,
1836 3745 1918 3808 qui
1940 3741 2273 3806 suspicantur,
2292 3740 2454 3788 omnia
2470 3740 2552 3789 illa

1531 3825 1705 3883 verba,
1731 3833 1860 3871 certe
1883 3819 2180 3886 posteriora,
2208 3831 2290 3878 ut,
2318 3819 2551 3885 quemad-

1531 3902 1758 3959 modum,
1788 3911 1881 3949 etc.
1897 3935 1913 3960 ‚
1939 3915 2041 3950 ease
2067 3900 2275 3964 glossam
2304 3899 2551 3948 laciniam·

1532 3997 1628 4046 qne
1650 3980 1712 4032 ab
1735 3980 2084 4045 interpolatore
2103 3990 2330 4030 mumm-
2368 3977 2551 4030 Confer

1531 4060 1621 4110 inf.
1640 4060 1703 4110 ad
1724 4076 1832 4127 cap.
1856 4060 2015 4120 35‚n.
2051 4076 2092 4106 r.
