3000 4717
546 369 633 418 ‚2
1387 345 1468 414 T.
1534 347 1813 414 L1v11
2240 325 2360 426 ‘1¹11‘ss
2386 327 2613 427 31:132:

541 469 653 555 id,
697 466 896 565 quod
934 467 1211 555 evenit,
1250 464 1579 538 futurum
1619 467 1838 539 credo
1877 467 2094 539 etiam
2147 468 2327 556 rati,
2371 482 2453 539 ut
2492 492 2665 539 mox

543 604 722 678 opes
759 603 1009 650 eorum
1031 634 1050 669 ,
1089 579 1217 675 qui
1256 593 1673 676 praeessent,
1703 579 1844 678 ipsi
1884 578 2150 649 honori
2182 579 2301 674 jus
2334 580 2664 674 majesta-

541 704 838 788 temque
860 691 1269 786 adjicerent.
1303 695 1393 762 Et
1417 690 1721 780 tribuni,
1740 690 1819 761 id
1848 690 2050 788 quod
2083 706 2261 763 tunc
2296 705 2446 762 erat
2469 746 2488 781 ,
2519 715 2668 761 ma-

542 802 650 898 gis
668 798 698 844 ⁵
733 802 1237 890 necessariam,
1285 826 1506 898 quam
1555 803 1856 900 speciosi
1905 803 2282 874 ministerii
2328 825 2665 899 procura-

543 913 819 983 tionem
858 913 1259 1001 intuentes,
1296 937 1389 983 ne
1422 915 1495 982 in
1533 913 1770 1011 parvis
1805 937 2103 1009 quoque
2135 911 2356 984 rebus
2397 913 2667 1014 incom-

545 1024 763 1096 mode
799 1024 1379 1114 adversarentur,
1416 1020 1664 1095 haud⁶
1703 1047 1870 1096 sane
1912 1022 2308 1096 tetendere.
2344 1027 2590 1114 Quum
2629 1045 2672 1092 a

544 1133 991 1232 primoribus
1040 1137 1341 1206 civitatis
1408 1150 1691 1233 spretus
1750 1134 1988 1204 honor
2042 1148 2225 1205 esset
2244 1188 2263 1223 ,
2308 1134 2673 1230 Papirium

547 1248 1202 1345 Semproniumque
1222 1260 1275 1336 7,
1306 1271 1622 1343 quorum
1659 1245 1749 1317 de
1779 1245 2159 1317 consulatu
2187 1243 2673 1331 dubitabatur,

544 1371 632 1426 ut
669 1382 757 1427 eo
792 1358 1210 1456 magistratu
1246 1355 1549 1455 parum⁸
1583 1356 1895 1429 solidum
1939 1355 2396 1427 consulatum
2430 1353 2674 1450 exple-

545 1482 747 1557 rent,
783 1471 1031 1539 censui
1067 1470 1346 1565 agendo
1383 1469 1700 1567 populus
1734 1466 2087 1565 suffragiis
2123 1463 2458 1563 praefecit.
2490 1467 2674 1534 Cen·

547 1600 747 1648 sores
778 1577 869 1649 ab
907 1604 985 1651 re
1018 1581 1355 1678 appellati
1394 1596 1586 1653 sunt.

647 1693 771 1758 IX.
814 1693 1011 1759 Dum
1040 1690 1192 1763 haec
1226 1697 1470 1764 Romae
1500 1707 1888 1792 geruntur,
1919 1691 2133 1790 legati
2168 1686 2259 1761 ab
2293 1685 2524 1759 Ardea
2552 1707 2676 1754 ve·-

550 1799 769 1869 niunt
799 1825 1002 1898 ,pro
1050 1805 1434 1876 veterrima
1487 1806 1825 1877 societate
1867 1815 2363 1896 renovatoque
2408 1792 2678 1868 foedere

551 1912 831 1981 recenti
863 1914 1210 1986 auxilium
1245 1941 1478 2015 prope
1506 1943 1767 1989 eversae
1803 1913 1969 1986 urbi
2011 1915 2519 2012 implorantes.
2505 1907 2684 1979 ·frui

552 2044 869 2118 namque
914 2048 1124 2121 pace,
1169 2029 1449 2125 optimo
1489 2028 1792 2099 consilio
1834 2049 2000 2096 cum
2056 2023 2335 2123 populo
2375 2041 2682 2090 romano

553 2146 830 2202 servata
851 2187 870 2222 ,
905 2158 1036 2230 per
1061 2137 1399 2209 intestina
1433 2161 1628 2209 arma
1661 2164 1814 2208 non
1849 2137 2088 2223 licuit;
2124 2155 2436 2229 quorum
2471 2151 2683 2199 causa

553 2242 1087 2342 atque-initium
1118 2247 1426 2318 traditur
1448 2274 1537 2318 ex
1560 2248 1948 2317 certamine
1975 2244 2372 2314 factionum
2399 2253 2679 2310 ortum:

554 2376 717 2447 quae
767 2350 969 2425 fuere
1018 2371 1378 2453 eruntque
1427 2351 1759 2454 pluribus
1801 2353 2090 2453 populis
2151 2351 2377 2446 magis
2424 2347 2680 2433 exitio,

556 2484 777 2556 quam
823 2461 1012 2534 bella
1060 2480 1395 2554 externa,
1439 2488 1660 2561 quam
1708 2462 1932 2548 fames
1978 2460 2341 2547 morbive,
2380 2480 2685 2554 quaeque

556 2570 736 2644 alia
718 2598 795 2642 in
825 2573 1084 2644 deum
1070 2598 1249 2661 iraS,
1274 2574 1471 2648 velut
1499 2574 1752 2645 ultima
1784 2571 2249 2672 publicorum
2291 2568 2688 2647 malorum,

556 2695 853 2753 vertunt
875 2693 926 2750 ¹.
978 2684 1375 2780 Virginem
1409 2682 1675 2781 plebeii
1727 2685 2046 2782 generis,
2094 2682 2402 2753 maxime
2456 2676 2687 2748 forma

557 2881 729 2914 norma
740 2901 754 2926 ,
768 2865 1033 2915 secundm
1043 2882 1188 2931 quam
1200 2867 1387 2931 aliquid
1398 2869 1581 2917 facien·

561 2945 680 2993 dum
707 2958 780 2995 est
805 2946 897 3012 (cf.
924 2947 987 2995 ad
1008 2949 1190 3006 xxn,
1217 2948 1378 3008 57‚n.
1411 2963 1466 2995 11
1486 2982 1501 3005 ‚
1534 2958 1583 2995 et

1669 2869 1969 2917 curationem
1995 2868 2228 2927 intuentes
2255 2876 2305 2913 et
2329 2863 2578 2911 ducentes.
2609 2860 2686 2908 cf.

1668 2948 1733 2994 ad
1758 2950 1784 2993 1
1800 2982 1815 3007 ,
1851 2963 1873 2994 1
1889 2982 1904 3006 ,
1925 2963 1976 2993 ιι.
1990 2943 2055 2994 ’6.

559 3026 738 3071 XXVI
754 3059 768 3082 ‚
796 3033 861 3080 24
877 3061 890 3085 ,
913 3043 965 3074 n.
990 3025 1079 3089 5);
1102 3026 1449 3090 hincfimmda
1471 3041 1581 3072 cen-

557 3101 721 3157 sendi,
744 3114 874 3150 certa
900 3105 1233 3167 praescriptio,
1252 3104 1516 3151 methodus
1535 3114 1585 3152 et

560 3179 714 3236 ratio,
737 3196 799 3226 ex
826 3196 920 3242 qua
946 3196 1121 3228 census
1147 3193 1220 3229 est
1244 3183 1460 3246 agendus
1488 3182 1581 3249 (cf.

562 3259 774 3316 XXIX,
809 3259 871 3306 15
888 3257 939 3324 );
966 3272 1020 3306 ut
1038 3258 1265 3325 formula
1295 3261 1583 3326 cognitionis

563 3337 678 3395 XL,
711 3352 769 3383 ια
797 3335 913 3402 (ubi
938 3338 1048 3386 vide
1071 3350 1178 3387 not.
1200 3340 1261 3405 8)
1283 3354 1297 3387 ε
1322 3356 1492 3388 norma
1509 3341 1585 3401 ju-

564 3415 711 3477 dicii,
739 3417 943 3480 proprie
969 3418 1144 3466 modus
1170 3434 1197 3465 a
1222 3430 1432 3483 praetore
1458 3436 1586 3485 prae·

563 3495 774 3561 scriptus
789 3494 1040 3556 judicibus
1051 3531 1066 3556 ,
1084 3508 1140 3545 ut
1157 3497 1220 3545 ad
1243 3514 1354 3545 eum
1374 3499 1588 3564 dirigant

470 3565 476 3572 ’
556 3575 823 3636 judicium,
844 3586 892 3624 et
910 3592 974 3624 ex
996 3592 1056 3625 eo
1077 3576 1375 3640 intelligant,
1394 3578 1517 3641 quid
1537 3587 1588 3626 et

566 3655 818 3719 quomodo
837 3655 1231 3721 cognoscendum
1242 3657 1587 3716 judicandum-

567 3750 664 3797 que
686 3736 750 3784 sit
770 3750 784 3784 ε
807 3736 938 3784 unde
956 3748 1005 3784 et
1014 3735 1282 3801 formulam
1293 3734 1423 3801 juris
1448 3752 1585 3782 exse-

570 3813 752 3876 quendi
785 3816 1071 3864 constituere
1106 3813 1285 3862 dicitur
1323 3815 1556 3863 xxxlx
1570 3849 1586 3875 ‚

570 3892 639 3937 26
674 3903 799 3940 extr.

642 3970 689 4017 5.
717 3970 879 4035 Magis
903 3972 1251 4030 neeessariam,
1270 3973 1322 4020 h.
1350 3989 1391 4020 e.
1418 3989 1586 4021 neces-

572 4048 711 4108 sarii,
735 4065 883 4113 quam
908 4049 1132 4111 speciosi,
1157 4051 1401 4115 splendidi
1418 4064 1468 4101 et
1485 4070 1586 4101 ma-

573 4144 667 4194 gna
681 4128 916 4192 dignitate
930 4128 1184 4193 conspicui
1194 4163 1210 4190 ‚
1222 4129 1472 4179 ministerii
1477 4149 1590 4195 pro-

1741 3028 1792 3072 6.
1829 3024 1987 3072 Haud
2019 3039 2139 3071 sane
2182 3022 2421 3070 tetendere
2458 3019 2691 3069 adversus

1670 3106 1836 3152 Patres
1873 3119 2138 3167 eorumque
2177 3101 2434 3150 consilium
2449 3135 2464 3160 ‚
2487 3108 2692 3146 conten-

1676 3183 1789 3230 dere
1804 3215 1819 3241 ,
1844 3198 2122 3247 pugnavere
2136 3216 2151 3240 ,
2182 3181 2417 3229 restitere.
2446 3176 2589 3227 Conf.
2616 3176 2693 3234 V,

1672 3270 1768 3317 24,
1796 3278 1845 3309 n.
1875 3261 1940 3320 63
1963 3262 2116 3321 vm,
2150 3261 2238 3318 15,
2262 3276 2313 3306 n.
2344 3258 2522 3316 831,
2549 3257 2614 3313 6,
2639 3269 2691 3301 ιι.

1674 3342 1970 3403 93xxn1‚
2004 3348 2094 3398 14,
2116 3351 2165 3387 et
2192 3355 2300 3404 sup.
2327 3337 2390 3385 ad
2413 3354 2461 3386 c.
2494 3354 2543 3398 7,
2569 3351 2619 3382 n.
2639 3333 2690 3380 6.

1746 3431 1796 3479 7.
1832 3420 2084 3484 Papirium
2113 3417 2564 3482 Semproniumque,
2595 3423 2689 3460 etc.

1674 3498 1820 3547 Cous.
1844 3514 1976 3563 supr.
1996 3515 2105 3562 cap.
2125 3514 2151 3558 7
2175 3508 2299 3545 extr.
2320 3497 2416 3545 Sed
2432 3490 2690 3558 legendum

1675 3577 1928 3626 dubitatur·
1939 3595 1965 3626 e
1980 3579 2071 3626 MS
2089 3576 2260 3627 Lovel.
2276 3576 2367 3635 IV,
2379 3585 2426 3623 et
2442 3572 2553 3621 edd.
2569 3580 2689 3617 vett.

1673 3668 1784 3704 ante
1809 3655 1926 3704 ΔΜ.
2171 3706 2179 3715 ,

1747 3737 1795 3784 8.
1824 3736 2008 3783 Parum
2027 3734 2259 3788 solidum,
2288 3731 2559 3791 integrum,
2575 3741 2692 3773 con·

1674 3815 1915 3872 sulatum,
1945 3814 2030 3877 qui
2053 3827 2156 3858 non
2180 3824 2270 3873 per
2301 3806 2539 3864 solidum,
2567 3804 2619 3853 h.
2643 3820 2686 3852 e.

1674 3904 1833 3942 totum
1844 3927 1859 3953 ,
1873 3910 1958 3941 seu
1970 3894 2212 3953 integrum
2224 3904 2405 3937 annum
2420 3886 2690 3934 duraverat.

1746 3974 1866 4022 Cn.
1902 3973 1993 4018 IX.
2027 3985 2072 4017 1.
2099 3969 2313 4031 Quaque
2336 3965 2439 4014 alia
2467 3965 2517 4012 in
2550 3963 2693 4010 deum

1675 4053 1852 4101 iras...
1877 4059 2095 4105 vertunt,
2121 4064 2189 4096 sc.
2209 4063 2262 4095 se
2284 4043 2427 4111 (vide
2453 4044 2516 4092 ad
2539 4046 2616 4102 11,
2643 4043 2691 4099 3,

1676 4149 1725 4180 n.
1745 4129 1834 4194 2),
1848 4128 1900 4177 h.
1919 4145 1961 4176 e.
1979 4127 2101 4175 iram
2123 4126 2326 4177 deorum
2350 4123 2593 4183 efficiunt3
2612 4121 2691 4169 vel
