3000 4717
448 369 573 475 3:31
601 373 693 475 {311
875 391 1183 479 LIBER
1229 393 1583 471 v..cAP.
1636 396 1996 463 xxv111.
2380 422 2514 494 179

393 540 718 611 numque
746 528 819 585 et
850 514 1105 602 deum,
1140 514 1258 584 cui
1289 514 1730 601 mitteretur,
1760 528 1831 584 et
1865 513 2039 584 doni
2073 540 2240 589 caus
2284 543 2353 589 m
2393 545 2515 592 ve-

353 665 358 671 ·
393 627 617 698 ritus²
645 628 830 723 ipse,
867 623 1408 701 multitudinem
1432 649 1763 721 quoque,
1791 649 1956 721 quae
1984 649 2186 723 semp
2222 646 2223 649 ’
2260 627 2516 703 ferme

394 737 671 834 regenti
699 750 806 811 est
831 737 1111 821 similiS,
1138 735 1500 832 religionis
1522 736 1729 831 justae
1759 734 2121 833 implevit:
2145 735 2519 810 adductos-

396 873 539 944 que
595 850 673 919 in
729 847 1105 947 publicum
1169 847 1564 945 hospitium
1619 849 1931 947 legatos,
1974 873 2141 920 cum
2191 850 2520 945 praesidio

396 961 611 1030 etiam
641 962 933 1035 navium
971 959 1294 1058 Delphos
1330 975 1859 1058 prosequutus,
1884 965 2190 1033 Romam
2216 959 2386 1031 inde
2421 983 2524 1030 so-

394 1070 618 1165 spites
644 1071 974 1141 restituit.
1003 1072 1413 1167 Hospitium
1442 1095 1612 1145 cum
1638 1096 1728 1144 eo
1753 1070 2383 1145 senatusconsulto
2414 1084 2521 1141 est

393 1176 695 1269 factum,
726 1178 1065 1277 donaque
1095 1178 1385 1278 publice
1414 1181 1601 1255 data.
1635 1183 1912 1253 Eodem
1949 1208 2143 1255 anno
2171 1183 2249 1253 in
2276 1182 2521 1277 AEquis

393 1292 585 1362 varie
630 1290 1031 1363 bellatum:
1085 1291 1266 1364 adeo
1317 1307 1400 1362 ut
1458 1294 1536 1362 in
1592 1293 1871 1364 incerto
1934 1292 2150 1364 fuerit
2196 1306 2267 1362 et
2325 1290 2521 1389 apud

394 1399 585 1497 ipsos
617 1405 970 1475 exercitus
995 1417 1069 1475 et
1097 1409 1373 1491 Romae,
1392 1405 1766 1493 vicissent,
1786 1405 2052 1475 victine
2086 1417 2345 1475 essent.
2379 1407 2524 1471 Im-

389 1527 759 1606 peratores
801 1514 1089 1585 romani
1127 1511 1329 1584 fuere
1368 1536 1457 1581 ex
1500 1511 1816 1582 tribunis
1861 1511 2173 1583 militum
2210 1517 2292 1583 C.
2325 1511 2531 1580 AEmi·

391 1621 531 1692 lius
552 1676 572 1708 ,
620 1627 735 1720 Sp.
783 1623 1215 1694 Postumius.
1268 1623 1510 1691 Primo
1559 1644 1716 1690 rem
1767 1619 2250 1691 communiter
2300 1644 2529 1716 gesse-

391 1746 567 1802 runt
607 1761 622 1802 ε
684 1732 861 1802 fusis
928 1731 1099 1802 inde
1154 1733 1302 1805 acie
1360 1729 1694 1801 hostibus
1716 1786 1734 1819 ,
1780 1729 2139 1801 AEmilium
2194 1731 2527 1828 praesidio

394 1844 874 1939 Verruginem
898 1841 1229 1915 obtinere
1249 1841 1542 1939 placuit,
1558 1842 2012 1913 Postumium
2032 1837 2214 1913 fines
2226 1856 2522 1912 vastare.

393 1949 506 2022 Ibi
534 1977 738 2042 eum,
765 1954 1249 2050 incomposito
1279 1955 1564 2050 agmine
1597 1952 2073 2049 negligentius
2101 1951 2192 2023 ab
2226 1975 2304 2020 re
2335 1950 2525 2023 bene

388 2076 589 2157 gesta
615 2077 911 2135 euntem
925 2059 981 2153 ³,
1012 2064 1248 2135 adorti
1270 2064 1520 2160 AEqui,
1546 2077 1819 2133 terrore
1853 2061 2156 2156 injecto,
2192 2062 2268 2139 in
2297 2063 2531 2157 proxi-

389 2197 549 2244 mos
588 2174 1007 2270 compulere
1046 2174 1404 2274 tumu1053
1444 2196 1818 2270 pavorque
1850 2170 2020 2242 inde
2048 2170 2528 2266 Verruginem

390 2285 608 2354 etiam
642 2285 733 2355 ad
770 2286 1179 2382 praesidium
1212 2284 1518 2359 alterum
1553 2296 1664 2353 est
1702 2281 2042 2380 perlatus.
2081 2281 2525 2369 PostumiUS‚

392 2393 539 2461 suis
580 2395 657 2463 in
701 2408 941 2465 tutum
985 2395 1297 2491 receptis
1320 2448 1339 2482 ,
1387 2417 1621 2490 quum
1666 2394 1742 2462 in
1789 2394 2143 2465 concione
2181 2390 2528 2467 advocata

392 2512 744 2573 terrorem
782 2506 1191 2599 increparet
1228 2529 1311 2573 ac
1350 2502 1630 2603 fi-lgam3
1673 2502 1870 2575 fusos
1900 2529 2052 2576 esse
2097 2503 2188 2575 ab
2226 2502 2525 2600 ignavis—

394 2611 576 2680 simo
617 2625 689 2680 et
719 2609 1172 2706 fugacissimo
1206 2611 1451 2698 hoste3
1490 2613 1895 2684 conclamat
1924 2616 2303 2684 universus
2330 2636 2524 2683 exer-

394 2720 577 2819 citus
598 2773 618 2806 ,
655 2722 916 2820 merito
964 2744 1039 2790 se
1092 2745 1173 2791 ea
1210 2720 1499 2807 audire,
1537 2736 1608 2791 et
1648 2721 1855 2792 fateri
1900 2723 2293 2793 admissum
2329 2707 2523 2818 flagi-

390 2831 611 2900 tium:
645 2828 771 2900 sed
808 2828 1096 2901 eosdem
1127 2842 1582 2900 correcturos
1610 2855 1761 2900 esse
1780 2885 1805 2916 ,
1835 2854 2077 2925 neque
2102 2829 2530 2899 diuturnum

391 2941 467 3010 id
522 2940 865 3038 gaudium
925 2938 1259 3023 hostibus
1317 2937 1490 3009 fore.
1553 2942 1942 3011 Pos'cerites
1964 2993 1982 3025 ,
2020 2953 2104 3008 ut
2148 2936 2529 3008 confestim

391 3050 562 3121 inde
601 3051 691 3122 ad
739 3067 967 3123 castra
1002 3051 1324 3122 hostium
1369 3049 1668 3122 duceret
1705 3051 1836 3148 (in
1880 3062 2277 3146 conspectu
2323 3061 2533 3117 erant

394 3160 625 3253 posita
667 3162 744 3231 in
788 3161 1083 3260 plano),
1120 3151 1303 3232 nihil
1341 3186 1579 3259 poenae
1621 3160 2094 3246 recusabant,
2130 3160 2206 3228 ni
2246 3182 2328 3229 ea
2363 3172 2530 3228 ante

467 3364 515 3395 2.
543 3353 674 3398 Doni
697 3369 921 3411 causam,
947 3355 1235 3420 religionem
1248 3390 1263 3414 ,
1283 3355 1411 3404 veri·
1491 3366 1743 3418 proeeexta
1761 3353 2017 3411 verendos,
2040 3352 2285 3417 Virgaquae
2298 3369 2406 3398 cum
2421 3367 2531 3405 ‘per-

394 3438 495 3485 tus,
514 3429 751 3479 reveritus
764 3464 779 3487 ,
801 3448 904 3479 non
926 3434 1029 3481 sine
1046 3435 1315 3482 reverentia
1336 3451 1412 3482 re·
1503 3433 1573 3481 bis
1594 3432 1852 3496 imperiosa
1857 3431 2008 3497 fhcie.
2024 3433 2114 3479 En.
2128 3432 2401 3477 ——Romam
2419 3428 2531 3474 inde

391 3506 632 3571 spiciem3
652 3507 726 3555 sic
745 3520 795 3555 et
814 3509 900 3558 lib.
923 3512 1181 3570 XXXIX,
1201 3529 1308 3577 cap.
1327 3514 1411 3572 37,
1501 3512 1699 3575 sospites
1718 3511 1926 3558 restituit
1932 3530 1952 3568 ;
1971 3510 2179 3574 hospites
2198 3511 2251 3558 in
2270 3509 2436 3556 multis
2456 3523 2532 3553 co-

401 3588 627 3633 Veremur
644 3586 838 3650 quidem
858 3605 950 3635 vos
967 3622 983 3645 ‚
1014 3591 1251 3647 Romani,
1276 3602 1325 3637 et
1334 3624 1351 3647 ,
1373 3591 1417 3638 si
1505 3589 1718 3637 dicibus.
1739 3589 1836 3643 Sed
1851 3590 1972 3636 alibi
1985 3590 2130 3637 etIam
2142 3589 2220 3636 hae
2238 3602 2381 3634 voces
2397 3601 2534 3632 com-

392 3664 465 3710 ita
483 3665 657 3722 vultis,
683 3667 833 3713 etiam
858 3667 1076 3714 timemus
1090 3686 1111 3724 ;
1128 3668 1218 3715 sed
1225 3669 1341 3732 plus
1367 3680 1417 3717 ee
1500 3668 1768 3715 miscentur
1780 3684 1808 3713 a
1819 3668 2047 3714 librariis.
2059 3668 2221 3715 En.-
2230 3663 2376 3711 Varie
2390 3663 2534 3710 bella-

392 3756 620 3790 veremur
640 3756 690 3790 et
714 3745 932 3792 timemus
960 3745 1075 3792 deos
1103 3745 1414 3796 immortales.
1505 3758 1606 3793 tum
1621 3780 1636 3801 ,
1663 3745 1778 3792 vide
1800 3744 1864 3791 ad
1887 3761 1997 3811 cap.
2023 3746 2115 3801 23,
2139 3761 2187 3790 n.
2217 3759 2260 3790 1.

390 3821 498 3873 Cic.
530 3820 617 3868 lib.
644 3826 671 3867 1
698 3824 763 3872 ad
788 3824 961 3886 Quint.
990 3824 1128 3872 fratr.
1160 3826 1316 3892 Epist.
1354 3827 1382 3873 3
1399 3857 1418 3887 ‚
1582 3826 1627 3871 3.
1675 3822 2007 3891 Negle'gventius
2051 3823 2115 3869 ab
2155 3838 2207 3868 re
2243 3821 2360 3867 bene
2388 3829 2531 3883 gesta

392 3914 537 3963 quem
562 3915 693 3946 meus
715 3898 879 3947 Cicero
905 3913 953 3947 ec
976 3903 1205 3959 amabat,
1234 3901 1414 3968 utfia-
1504 3913 1721 3958 euntem,
1742 3900 1858 3947 vide
1879 3899 1942 3947 ad
1962 3902 1985 3947 1
1999 3934 2014 3956 ‚
2042 3912 2090 3957 t,
2106 3916 2155 3946 n.
2179 3898 2297 3953 5.-
2307 3898 2404 3945 Sed
2426 3914 2530 3945 eos-

394 3989 515 4025 trem
533 4012 549 4034 ,
583 3979 759 4043 etjam
773 4013 788 4035 ,
818 3988 874 4024 ut
907 3978 1144 4043 majorem
1162 3979 1379 4044 fratrem
1396 4016 1413 4037 ,
1507 3979 1616 4026 dem
1652 3989 1981 4034 correcturos,
2016 3978 2198 4025 virtute
2237 3989 2285 4025 et
2322 3978 2527 4025 victoria

393 4058 668 4105 verebatur.
689 4057 837 4104 ovid.
857 4057 946 4106 lib.
963 4059 1030 4116 V,
1048 4057 1197 4106 Trist.
1215 4058 1291 4108 El.
1313 4059 1386 4106 VI
1402 4094 1417 4118 ‚
1507 4057 1873 4116 emendaturbs,
1902 4073 2001 4104 esse
2015 4091 2032 4114 ,
2064 4055 2252 4105 scilicet
2274 4055 2525 4121 flagitium.

396 4151 517 4182 vers.
564 4138 623 4184 31
644 4171 660 4197 ,
692 4135 889 4184 Cedicur
925 4148 975 4183 ee
1008 4136 1146 4186 coecis
1160 4172 1177 4197 ,
1213 4139 1262 4185 εἰ
1296 4152 1417 4201 quos
1506 4138 1650 4187 Conf-
1685 4138 1852 4186 XLIII
1868 4170 1883 4197 ,
1917 4152 1939 4183 1
1953 4151 1996 4182 1.

2051 4246 2167 4290 12.
