3000 4717
453 353 693 456 &18:331
969 374 1291 442 LIBER
1351 376 1484 443 lv.
1551 375 1766 442 CAP.
1827 373 1925 440 11.
2145 381 2150 388 ¹
2460 394 2509 462 9
2577 419 2633 437 ..

402 526 435 559 α
473 495 687 583 bere,
720 496 1026 589 majores
1064 519 1394 591 quoque,
1437 495 1495 565 si
1534 494 1997 579 divinassent,
2033 489 2505 563 concedendo

400 635 433 668 «
477 608 716 674 omnia
757 605 1296 675 nonmitiorem
1333 605 1407 673 in
1443 628 1518 674 se
1546 603 1873 700 plebem,
1908 602 2033 673 sed
2071 601 2507 697 asperiorem

400 744 432 778 α
478 714 611 784 alia
646 741 733 785 ex
768 705 918 785 aliis
950 710 1349 809 iniquiora⁸
1379 713 1840 810 postuland0‚
1869 736 2090 808 quum
2125 710 2355 807 prima
2382 709 2509 776 im-

399 854 433 888 «
475 841 855 922 petrasset‚
885 824 1238 908 futuram,
1268 826 1504 922 primo
1543 823 1936 920 quamlibet
1975 820 2504 891 dimicationem

400 963 435 999 <t
476 935 842 1007 subituros
878 934 1093 1005 fuisse
1131 936 1406 1032 potiUS‚
1438 958 1654 1030 quam
1697 957 1811 1003 eas
1845 932 2037 1028 leges
2065 929 2200 1000 sibi
2227 928 2507 1024 imponi

398 1072 433 1106 ι(
473 1058 910 1140 paterentur.
957 1046 1140 1133 Quia
1182 1060 1336 1116 tum
1391 1066 1808 1114 concessum
1863 1042 1950 1110 sit
2002 1040 2089 1110 de
2141 1037 2451 1107 tribunis
2483 1090 2504 1123 ‚

400 1184 433 1219 α
472 1156 735 1225 iterum
793 1180 1211 1227 concessum
1261 1179 1411 1226 esse
1447 1181 1463 1222 ε
1506 1153 1727 1247 finem
1764 1177 1915 1222 non
1955 1150 2113 1221 fieri
2148 1171 2379 1247 posse.
2418 1151 2506 1215 In

400 1292 434 1327 (ε
478 1264 727 1336 eadem
770 1268 1050 1337 civitate
1105 1263 1435 1335 tribunos
1472 1263 1705 1360 plebis
1752 1277 1823 1332 et
1858 1267 2099 1332 Patres
2145 1281 2295 1327 esse
2327 1284 2342 1325 ε
2383 1267 2507 1324 aut

398 1403 432 1439 <c
469 1373 664 1445 hunc
716 1376 1040 1448 ordinem
1066 1427 1085 1464 ‚
1137 1389 1258 1446 aut
1308 1376 1511 1444 illum
1559 1373 2051 1469 magistratum
2104 1365 2504 1436 tollendum

396 1513 431 1547 «
474 1509 658 1574 esse;
698 1487 1082 1583 potiusque
1123 1511 1319 1571 sero,
1358 1507 1574 1579 quam
1612 1504 1985 1577 nunquam
2019 1478 2303 1549 obviam
2337 1502 2506 1547 eun-

399 1623 434 1656 «
473 1593 647 1663 dum
722 1597 1030 1665 audaciae
1106 1594 1656 1689 temeritatique.
1727 1591 1980 1661 Illine9
2057 1604 2139 1658 ut
2207 1590 2505 1684 impune

397 1732 432 1766 «
471 1705 708 1799 primo
749 1704 1139 1776 discordias
1176 1718 1492 1774 serentes
1534 1703 1898 1773 concitent
1933 1700 2236 1770 finitima
2271 1698 2461 1770 bella
2482 1755 2501 1787 ‚

396 1840 429 1874 «
473 1810 736 1881 deinde
771 1812 1107 1883 adversus
1138 1838 1221 1884 ea
1242 1868 1260 1899 ‚
1301 1838 1463 1910 quae
1495 1812 2012 1883 concitaverint
2033 1865 2053 1897 ‚
2108 1811 2364 1878 armari
2402 1809 2503 1879 ci·-

395 1949 430 1984 «
468 1922 760 1991 vitatem
805 1921 1239 2019 defendique
1289 1922 1767 2020 prohibeant?
1818 1935 1925 2003 et,
1983 1944 2210 2017 quum
2263 1918 2504 1988 hostes

396 2059 428 2093 ι(
471 2042 750 2099 tantum
785 2056 936 2101 non
969 2034 1452 2119 arcessierint‚
1493 2033 1848 2102 exercitus
1882 2029 2234 2100 conscribi
2264 2027 2506 2098 adver-

391 2170 425 2204 α
465 2166 584 2212 sus
618 2141 860 2214 hostes
891 2169 1043 2214 non
1080 2144 1490 2241 patiantur?
1528 2143 1667 2214 Sed
1704 2142 1964 2213 audeat
2006 2140 2391 2210 Canuleius
2429 2140 2505 2207 in

391 2280 425 2314 c<
462 2266 716 2322 senatu
750 2254 1090 2350 proloqui
1104 2288 1133 2342 ,’
1170 2280 1279 2345 se,
1320 2256 1456 2324 nisi
1501 2278 1662 2324 suas
1694 2254 1885 2350 leges
1918 2267 2261 2347 tanquam
2293 2250 2507 2318 victo·

388 2390 423 2425 «
463 2363 561 2432 ris
597 2367 837 2434 Patres
885 2366 1110 2461 accipi
1142 2367 1382 2436 sinant
1405 2419 1423 2452 ‚
1474 2364 1832 2434 delectum
1881 2361 2131 2433 haberi
2177 2357 2502 2457 prohibi-

390 2497 423 2533 α
464 2483 750 2544 turum:
789 2472 1047 2569 quid-¹⁰
1086 2499 1236 2544 esse
1261 2467 1513 2560 aliud,
1552 2497 1769 2569 quam
1804 2473 2092 2559 minari,
2141 2495 2215 2540 se
2257 2468 2503 2567 prodi-

389 2606 424 2640 «
462 2591 706 2648 turum
755 2584 1112 2676 patriam?
1153 2584 1562 2681 oppugnari
1613 2597 1830 2678 atque
1881 2583 2038 2678 capi
2075 2581 2504 2678 passurum?

390 2715 424 2750 «
471 2685 650 2783 quid
699 2712 857 2758 eam
904 2715 1156 2761 vocem
1208 2694 1657 2779 animorum,
1708 2716 1859 2762 non
1907 2690 2105 2787 plebi
2148 2714 2501 2774 romanae,

389 2825 422 2860 ι(
467 2795 592 2867 sed
618 2798 893 2869 Volscis
926 2813 999 2869 et
1018 2801 1262 2896 AEquis
1299 2816 1370 2869 et
1396 2799 1820 2872 Veientibus
1853 2801 2268 2870 allaturam?
2301 2804 2502 2870 Non-

388 2934 422 2969 «
463 2930 589 2991 ne,
624 2907 970 2978 Canuleio
1006 2908 1189 2979 duce
1209 2962 1229 2996 ‚
1268 2932 1341 2979 se
1379 2923 1787 3004 speraturos
1822 2910 2253 3005 Capitolium
2288 2922 2502 3003 atque

388 3043 423 3078 t<
462 3039 698 3087 arcem
757 3019 1100 3089 scandere
1154 3041 1366 3116 posse
1387 3073 1407 3107 ‚
1461 3020 1521 3090 si
1574 3016 1901 3091 Patribus
1956 3018 2267 3106 tribuni,
2340 3042 2503 3088 cum

458 3178 505 3223 8.
530 3180 784 3243 Iniquiora
800 3183 1129 3244 postulando}
1155 3184 1403 3247 postulan-
1480 3181 1485 3186 ’
1560 3198 1610 3246 9.
1637 3183 1779 3230 Illinc
1805 3196 1861 3231 ue
1882 3183 2101 3248 impune,
2133 3197 2223 3233 etc.
2256 3185 2335 3232 Sic
2371 3197 2425 3231 uc
2443 3184 2505 3231 in

387 3263 507 3331 tem,
531 3258 609 3304 vel
632 3259 843 3307 futuram
864 3271 912 3308 et
932 3262 1306 3326 postulaturum,
1323 3263 1404 3310 vel
1487 3262 1667 3314 affectu
1684 3274 1733 3311 et
1750 3280 1862 3314 eum
1877 3265 1927 3312 vi
1951 3264 2345 3330 interrogationis
2364 3265 2505 3326 quin-

388 3342 443 3388 ut
459 3336 748 3395 postularet,
767 3339 831 3392 ad
841 3340 1212 3403 postulandum3
1230 3343 1399 3390 Bauer.
1489 3342 1627 3405 quies
1652 3342 1785 3406 apud
1813 3344 1970 3393 Cicer.
1997 3345 2140 3393 Catil.
2168 3347 2192 3391 1
2208 3379 2223 3402 ‚
2246 3358 2294 3406 9.
2324 3344 2505 3393 Confier

386 3410 619 3458 —Primo
634 3417 896 3476 quamlibet
908 3418 1289 3477 dimicationem,
1306 3432 1400 3467 etc.
1489 3420 1553 3468 ad
1575 3422 1641 3479 V,
1666 3428 1762 3481 24,
1784 3438 1835 3472 n.
1854 3423 1912 3480 63
1935 3426 2039 3483 lx,
2065 3440 2120 3470 11
2137 3458 2152 3483 ,
2173 3440 2224 3471 n.
2251 3424 2281 3470 5
2298 3440 2312 3482 3
2332 3425 2503 3469 Horat.
2539 3419 2545 3432 ’

386 3487 439 3536 h·
458 3505 500 3535 e·
521 3488 573 3535 in
589 3491 833 3557 principio
852 3498 1166 3546 certaminum
1178 3500 1307 3548 inter
1320 3501 1405 3546 Pa·
1490 3498 1650 3563 Epod.
1681 3513 1762 3559 17,
1786 3500 1877 3561 563
1898 3503 2053 3560 Plaut.
2074 3503 2215 3550 Asin.
2241 3503 2306 3559 V,
2331 3516 2357 3546 2
2374 3533 2389 3556 ‚
2414 3500 2507 3556 34,

388 3577 487 3615 tres
524 3583 579 3615 ac
616 3570 835 3632 plebem;
859 3564 1008 3623 Drak'.
1027 3603 1098 3613 ——-
1113 3577 1242 3638 Quia
1274 3589 1400 3635 tum,
1492 3588 1542 3626 et
1564 3577 1625 3625 al.
1653 3577 1782 3642 inpr.
1809 3581 2039 3630 comicos.
2059 3582 2205 3628 Plena
2225 3578 2381 3626 oratio
2400 3588 2473 3623 est
2493 3591 2507 3624 ε

386 3658 504 3711 post
529 3648 848 3695 secessionem
870 3650 924 3696 in
947 3655 1141 3700 Sacrum
1159 3667 1401 3715 montem,
1492 3670 1648 3719 egone
1657 3656 1832 3716 feram,
1845 3658 1923 3705 vel
1935 3657 2106 3706 fierine
2113 3656 2296 3721 possit,
2315 3666 2393 3711 ut,
2413 3666 2505 3703 etc.

389 3741 661 3772 eoncessum
675 3727 742 3773 sie
756 3727 817 3773 de
834 3726 1031 3775 tribunis
1048 3729 1269 3793 (videII,
1291 3732 1403 3796 33),
1490 3762 1562 3772 —
1582 3735 1789 3783 Tantum
1810 3753 1934 3793 non,
1969 3736 2110 3803 μόνον
2139 3735 2192 3784 οὐ
2207 3770 2222 3795 ,
2248 3752 2338 3783 seu
2364 3733 2503 3802 μόνον

390 3804 560 3850 iterum
577 3820 848 3858 concessum
866 3821 987 3863 esse,
1008 3805 1200 3856 sublato
1214 3810 1404 3857 decem·
1491 3812 1596 3882 οὐχὶ
1604 3858 1620 3883 ‚
1643 3829 1808 3876 paene,
1828 3811 2184 3878 propemodum
2199 3848 2214 3872 ,
2235 3829 2406 3877 parum
2427 3813 2508 3860 ab·

389 3882 605 3929 virorum
630 3883 860 3947 imperi03
887 3884 1001 3933 vide
1025 3888 1101 3933 111
1116 3920 1131 3945 ‚
1159 3887 1243 3942 54.
1277 3890 1403 3939 Mox
1489 3905 1565 3942 est
1593 3894 1737 3959 quin3
1763 3891 1878 3939 vide
1902 3891 2051 3942 Drak.

391 3977 502 4008 cum
533 3961 752 4010 Gronov.
780 3974 829 4011 et
854 3963 968 4012 Fab.
994 3966 1087 4029 leg.
1114 3965 1280 4012 Finem
1306 3984 1402 4015 non
1569 3987 1649 4021 10.
1678 3969 1811 4032 Quid
1828 3984 1927 4016 esse
1943 3967 2115 4027 aliud)
2131 3982 2223 4018 etc.
2243 3981 2299 4018 ut
2322 3986 2435 4035 capa
2450 3978 2506 4028 4,

374 4040 499 4108 fieri
509 4057 528 4087 .·
544 4056 666 4099 non,
683 4057 768 4090 seu
784 4058 870 4090 nec
877 4060 1022 4107 posse
1038 4044 1088 4092 in
1106 4044 1278 4093 eadem
1294 4046 1402 4096 civi-
1492 4060 1542 4096 et
1564 4052 1664 4109 VI,
1691 4057 1782 4108 403
1810 4049 1906 4096 nisi
1930 4049 2091 4098 ubivis
2122 4066 2233 4098 cum
2257 4050 2386 4101 Duk.
2412 4051 2508 4119 leg,

379 4116 518 4181 fate,
544 4130 636 4168 ete.
1494 4128 1617 4191 quid
1638 4128 1695 4178 id
1715 4143 1813 4176 esse
1833 4126 1985 4185 aliud.
