3000 4717
476 356 529 395 A.
554 347 602 389 G.
629 349 722 391 366.

475 412 718 456 ncne.
902 371 1205 439 LIBER
1255 372 1383 441 VI.
1439 371 1648 441 CAP.
1707 366 2103 437 XXXVII.
2397 362 2536 437 313

428 489 1164 588 occupandimodum‚
1186 515 1320 562 nec
1311 491 1578 580 fenere
1596 488 2010 572 trucidandi
2008 486 2298 585 plebem
2311 486 2541 559 alium

423 601 759 672 Patribus
799 624 1125 695 unquam
1137 589 1317 690 sore
1332 654 1351 684 ,
1387 599 1842 671 affirmabant
1858 652 1878 687 ‚
1916 603 2056 668 mlvi
2097 598 2400 669 alterum
2441 624 2541 670 ex

406 708 632 808 plebe
663 710 1057 809 consulem,
1095 710 1466 790 custodem*
1482 734 1641 801 suoe
1667 709 2001 780 libertatis
2016 762 2036 793 ‚
2057 707 2304 806 plebes
2311 711 2541 799 secis-

418 835 546 891 set.
584 822 1113 914 Contemmjam
1129 820 1447 892 tribunos
1449 819 1694 919 plebis
1706 872 1729 905 ‚
1750 823 2023 918 quippe
2040 832 2542 916 quoepotestas

403 933 575 1024 jam
618 957 828 1004 suam
858 939 1019 1028 ipsa
1046 938 1198 1002 vim
1217 935 1537 1028 frangat
1562 929 2090 1003 intercedendo.
2123 932 2297 1001 Non
2318 951 2545 1026 posse

419 1064 651 1137 oequo·
662 1042 840 1135 jure
892 1047 1049 1137 agi,
1110 1041 1237 1122 ubi
1288 1048 1666 1140 imperium
1698 1065 1922 1138 penes
1964 1039 2160 1124 illos,
2206 1062 2432 1135 penes
2461 1063 2540 1110 se

420 1150 784 1222 auxilium
804 1168 1081 1223 tantum
1099 1156 1187 1222 sit
1200 1161 1251 1221 ².
1274 1158 1443 1226 Nisi
1459 1159 1754 1249 imperio
1780 1155 2309 1246 communicato
2326 1203 2347 1234 ‚
2368 1174 2547 1220 nun-

420 1287 643 1357 quam
663 1261 949 1360 plebem
964 1319 971 1328 .
984 1269 1053 1333 in
1067 1277 1282 1360 parte
1298 1269 1481 1360 pari
1501 1260 1916 1360 reePublicoe
1928 1262 2105 1351 fore
2140 1286 2162 1329 .·
2200 1283 2329 1330 nec
2359 1283 2535 1344 esse,

418 1371 625 1468 quod
653 1377 1237 1471 qutquuam‘satis
1259 1388 1501 1470 putet,
1534 1379 1602 1443 .ςί
1621 1371 2075 1470 plebeiorum
2104 1374 2289 1442 ratio
2321 1375 2536 1454 comi-

417 1488 528 1553 titis
556 1483 1048 1555 consularibus
1075 1483 1436 1555 habeatur
1460 1510 1481 1552 .·
1520 1488 1659 1554 nisi
1686 1481 1991 1553 alterum
2014 1479 2387 1553 consulem
2419 1484 2543 1550 uti-

418 1618 560 1688 que
590 1619 687 1664 ex
709 1593 929 1691 plebe
932 1596 1117 1689 fieri
1146 1618 1430 1666 necesse
1461 1599 1585 1678 sit,
1608 1599 1980 1690 „neminem
1996 1592 2194 1682 fore.
2229 1594 2355 1661 An
2370 1594 2541 1686 jam

416 1710 770 1773 memoria
793 1709 1050 1791 exisse,
1078 1728 1305 1801 quum
1325 1704 1648 1775 tribunos
1666 1703 1969 1775 militum
1996 1703 2258 1775 idccrco
2271 1708 2536 1799 potius,

417 1836 642 1908 quam
672 1816 996 1886 consules
1008 1868 1031 1901 ‚
1068 1821 1298 1886 creari
1302 1813 1729 1912 placuisset,
1762 1831 1841 1886 ut
1859 1829 1933 1884 et
1939 1812 2249 1911 plebeiis
2259 1826 2545 1909 pateret

413 1947 736 1995 summus
760 1923 995 1995 honos
1007 1977 1029 2011 ‚
1068 1940 1383 2021 quatuor
1405 1940 1477 1995 et
1500 1923 1996 2021 quadraginta
2024 1926 2236 1991 annis
2253 1916 2282 1962 3
2321 1923 2539 1989 nemi·

414 2057 583 2103 nem
600 2032 930 2131 explebe
956 2034 1324 2106 tribunum
1340 2034 1643 2122 militurn
1666 2048 1984 2105 creatum
2004 2055 2155 2103 esse
2172 2031 2233 2124 ιζ
2243 2034 2389 2122 Qui
2407 2051 2543 2100 cre·

414 2144 692 2230 derem,
731 2145 1112 2217 duobusne
1154 2151 1231 2214 in
1274 2144 1447 2217 locis
1481 2171 1619 2216 sua
1656 2143 2029 2216 voluntate
2065 2145 2542 2239 zmpartituros

395 2251 610 2349 plebi
624 2253 967 2326 honorem
985 2308 1007 2342 ‚
1036 2260 1169 2352 qui
1181 2271 1448 2330 octona
1471 2255 1636 2325 loca
1659 2254 1961 2325 tribunis
1983 2251 2281 2324 militum
2303 2274 2541 2321 crean-

412 2361 523 2432 dis
561 2386 920 2461 occupare
949 2364 1140 2437 soliti
1172 2368 1366 2437 sint?
1405 2367 1620 2452 etad
1659 2364 2108 2438 consulatum
2144 2360 2547 2459 viamfien'

1518 2563 1606 2604 ne,
1639 2547 1743 2594 sive
1772 2545 1862 2611 qui
1893 2545 2155 2592 crederent.
2201 2542 2370 2589 Faber.
2410 2540 2539 2599 conj.

1523 2624 1656 2685 Quid
1663 2630 1691 2671 ι’
1709 2625 2017 2672 crederentne
2038 2623 2224 2671 duobus
2245 2621 2296 2668 in
2324 2618 2466 2676 locis,
2493 2628 2543 2665 et

412 2540 592 2586 Fenere
614 2541 913 2599 trucidandi,
935 2543 1198 2607 perdendi,
1210 2545 1425 2607 plebem,

414 2627 468 2678 ut
488 2617 622 2681 apud
639 2618 744 2666 Cic.
764 2620 888 2668 Coel.
907 2621 1107 2678 XVIII,
1125 2634 1175 2669 et
1190 2621 1335 2670 Offic.
1353 2626 1431 2680 11,

415 2697 500 2746 25.
536 2697 682 2745 Conf.
713 2697 825 2748 infr.
856 2697 918 2744 ad
943 2699 1116 2756 ml,
1148 2700 1196 2758 5,
1218 2716 1271 2747 n.
1298 2715 1354 2760 73
1384 2713 1434 2749 et

411 2776 609 2826 Salmas.
639 2775 703 2823 ad
727 2776 993 2841 scriptores
1023 2775 1139 2823 hist.
1167 2771 1294 2841 Aug.
1319 2789 1355 2825 t.
1377 2780 1402 2825 1
1417 2812 1433 2836 ‚

409 2870 519 2919 pag.
545 2854 663 2916 557.

480 2950 529 2984 α.
564 2937 720 2982 Penes
749 2949 803 2982 se
839 2933 1089 2982 auxilium
1118 2944 1310 2982 tantum
1341 2932 1427 2992 sit,

409 3013 580 3061 auxilii
599 3013 720 3062 latio
745 3013 977 3061 adversus
1001 3015 1194 3072 Patres,
1207 3024 1270 3080 ‚et
1295 3012 1432 3060 auxi·

409 3089 463 3137 lii
475 3126 490 3150 ,
508 3108 610 3139 non
631 3108 790 3157 poenae
807 3093 887 3153 jus
899 3127 913 3153 ,
937 3110 1086 3157 quum
1106 3109 1208 3141 non
1225 3093 1401 3158 populi
1416 3128 1431 3153 ‚

408 3168 497 3217 sed
521 3170 704 3234 plebis,
734 3172 1040 3235 magistratus
1065 3173 1191 3231 sint,
1218 3187 1311 3220 nec
1336 3187 1429 3236 pro

409 3246 608 3312 imperio
621 3251 813 3313 possint
825 3266 992 3314 agel-03
1008 3250 1124 3299 vide
1138 3251 1342 3300 omnino
1354 3254 1430 3310 11,
1457 3315 1464 3322 .

412 3326 473 3373 33
500 3342 576 3390 pr.
607 3327 671 3374 35
694 3338 742 3374 et
766 3327 931 3375 56.-
951 3328 1064 3376 Nisi
1084 3329 1292 3378 alterum
1311 3347 1427 3378 con·

406 3404 557 3452 sulem
575 3385 740 3468 utique
751 3440 764 3453 .
776 3438 789 3451 .
803 3439 816 3452 .
828 3405 1067 3455 neminem
1083 3424 1144 3455 ex
1160 3408 1305 3472 plebe
1308 3407 1429 3473 fhre

406 3483 671 3532 consulem.
697 3483 842 3532 Conf.
861 3484 923 3531 ad
942 3500 1049 3548 cap.
1074 3486 1156 3544 35,
1179 3503 1230 3533 n.
1255 3494 1302 3542 4.

478 3564 526 3609 3.
556 3563 782 3624 Quatuor
808 3574 858 3610 et
882 3562 1219 3629 quadraginta
1245 3565 1387 3613 annis
1405 3582 1423 3612 .·

328 3662 334 3676 ·
404 3631 516 3690 nnn
542 3657 658 3688 ann.
688 3640 813 3690 Urb.
844 3641 968 3700 310,
990 3640 1070 3689 vel
1095 3644 1190 3689 311
1213 3642 1425 3706 primum

403 3719 554 3767 creati
578 3730 693 3767 sunt
719 3718 905 3767 tribuni
928 3718 1032 3767 mil.
1055 3735 1196 3769 cons.
1218 3731 1325 3785 pot.
1338 3755 1353 3779 ,
1377 3732 1426 3770 et

402 3814 481 3846 an.
504 3798 603 3846 355
624 3798 812 3863 primns
834 3814 899 3845 ex
918 3797 1093 3862 plebe;
1115 3799 1229 3847 vide
1253 3801 1343 3858 IV,
1366 3801 1425 3859 6,

406 3894 463 3939 7;
486 3888 535 3925 et
557 3879 622 3936 V,
652 3892 732 3924 ια.
758 3903 829 3913 -
851 3877 979 3926 Mox
1003 3893 1115 3925 cum
1139 3880 1248 3927 διο.
1266 3881 1424 3929 Gron.

396 3955 494 4018 leg.
521 3955 619 4018 Qui
636 3955 912 4014 crederent,
939 3956 1015 4004 vel
1045 3956 1161 4018 Quis
1183 3956 1422 4015 crederet,

400 4033 587 4082 duobus
627 4050 755 4081 nunc
789 4034 839 4081 in
881 4034 1023 4093 locis,
1063 4046 1157 4083 etc.
1196 4047 1279 4083 aut
1311 4051 1425 4084 cum

398 4114 504 4162 διο.
526 4117 695 4162 Franc.
715 4115 937 4162 Gronov.
959 4112 1221 4164 delendum
1244 4115 1348 4164 sive
1366 4115 1422 4168 τὸ

1519 2703 1691 2749 Bauer.
1713 2713 1928 2749 creatum
1946 2717 2068 2758 esse,
2098 2699 2179 2747 cui
2197 2697 2542 2762 rempublicam
2624 2715 2636 2731 x

1520 2779 1792 2837 crederent,
1819 2791 1875 2827 ut
1898 2778 2167 2841 indignitas
2190 2788 2444 2841 augeatur:
2467 2775 2543 2822 di-

1522 2872 1646 2919 gnos
1661 2871 1765 2904 non
1775 2856 1972 2904 habitos
1982 2855 2204 2920 plebeios
2214 2871 2306 2902 nec
2317 2855 2543 2912 idoneos,

1521 2935 1702 2997 quibus
1724 2934 1998 2999 respublica
2023 2932 2544 2981 credentum—Duo-

1523 3014 1608 3061 bus
1631 3014 1680 3060 in
1702 3013 1845 3069 locis,
1868 3012 2021 3060 scilic.
2040 3012 2295 3059 consulum
2313 3010 2459 3074 (vide
2481 3010 2544 3057 ad

1521 3093 1611 3152 IV,
1644 3091 1732 3149 16,
1759 3107 1810 3138 n.
1841 3089 1934 3154 5),
1962 3101 2017 3137 ut
2047 3101 2225 3137 octona
2254 3090 2364 3138 loca
2390 3089 2546 3137 tribu-

1518 3186 1694 3219 norum
1727 3169 1829 3219 mil.
1856 3168 1918 3217 de
1949 3168 2127 3233 quibus
2159 3168 2274 3218 vide
2300 3168 2363 3216 ad
2389 3169 2455 3226 V,
2497 3182 2543 3226 1,

1519 3267 1569 3300 n.
1615 3265 1659 3297 ι.
1681 3276 1751 3286 ——
1764 3247 1894 3297 Vide
1940 3262 2136 3312 quoque
2179 3246 2240 3294 do
2284 3248 2382 3296 hoc
2423 3247 2539 3295 loco

1517 3328 1739 3377 Perizon.
1767 3325 2028 3376 Animadv.
2052 3324 2169 3373 hist.
2196 3342 2303 3390 cap.
2326 3341 2354 3372 2
2377 3339 2391 3374 ε
2418 3336 2540 3388 quot

1515 3423 1671 3456 annos
1693 3407 1888 3455 Sextius
1913 3416 1963 3454 et
1985 3404 2201 3452 Licinius
2219 3405 2272 3452 in
2290 3403 2542 3452 tribunatu

1516 3487 1722 3545 fuerint,
1741 3485 1958 3549 disputat
1975 3483 2160 3532 ibidem
2179 3500 2224 3531 ο.
2242 3498 2318 3531 ιο.
2343 3481 2540 3546 Optima

1514 3566 1621 3613 loco
1650 3565 1817 3613 Lovel.
1848 3566 1902 3623 33
1932 3562 2112 3613 octima
2137 3563 2247 3611 loca
2266 3563 2418 3612 Voss.
2441 3577 2537 3608 sec.

1514 3655 1688 3691 octava
1709 3643 1820 3691 loca
1839 3644 2039 3691 Gaertns
2058 3654 2108 3691 et
2127 3641 2340 3689 Haverk.
2366 3651 2538 3687 octena

1515 3722 1626 3771 loca
1651 3721 1787 3769 Laid.
1828 3737 1924 3769 sec.
1959 3734 2166 3769 centena
2202 3720 2313 3767 loca
2349 3721 2536 3783 Fragm.
2638 3757 2644 3764 .

1513 3804 1638 3849 flav,
1679 3800 1965 3859 Doujatius,
2001 3798 2247 3847 affirmans
2285 3798 2539 3864 amplioris

1514 3878 1730 3938 numeri,
1753 3893 1900 3941 quam
1923 3865 2013 3926 sex⁸
2036 3878 2344 3926 tribunorum
2361 3885 2537 3926 bonsn-

1513 3957 1710 4015 larium,
1739 3956 1872 4004 nulla
1910 3957 2028 4005 alibi
2067 3957 2268 4021 vestigia
2305 3973 2408 4005 esse
2423 3991 2440 4015 ‚
2467 3957 2536 4006 ita

1514 4034 1872 4084 emendandum
1891 4034 2159 4096 judicavit,
2193 4046 2248 4084 ut
2281 4051 2400 4084 sena
2426 4036 2538 4083 loca

1511 4115 1787 4180 scribatur„
1809 4113 1857 4163 N
1859 4129 1926 4162 on
1973 4131 2174 4164 ausuros
2216 4114 2348 4165 enim
2386 4114 2535 4184 fuisse
