3000 4717
546 345 628 415 16
884 355 889 364 “
1227 355 1233 361 ·
1353 352 1429 417 Τ.
1494 345 1771 423 L1v11
2207 375 2212 382 ·
2344 342 2585 446 &53:323

532 498 568 531 a
603 467 1075 539 abstinuistis:
1103 493 1194 540 an
1220 469 1386 542 ,ideo
1413 498 1563 543 non
1598 490 1701 545 est
1725 473 2170 569 dimicatum,
2200 483 2398 576 quod
2419 540 2439 571 ,
2477 511 2637 581 quae

532 607 566 642 α
597 602 761 674 pars
804 578 1112 667 firmior,
1143 578 1391 650 eadem
1432 582 1825 654 modestior
1856 582 1989 656 fuit
2020 589 2048 656 Ξ)
2098 615 2233 661 nec
2266 617 2464 665 nunc
2506 598 2639 666 erit

531 718 565 753 «
602 703 964 760 certamen
987 744 1006 778 ‚
1043 692 1359 781 Quirites
1396 719 1412 762 :
1455 695 1730 765 animos
1766 709 2038 767 vestros
2091 697 2194 768 illi
2249 702 2639 775 tentabunt

529 828 563 863 «
598 802 1113 897 semper‚vires
1145 825 1294 871 non
1322 805 1804 899 experientur.
1840 811 2093 904 Itaque
2127 808 2215 878 ad
2243 810 2432 882 bella
2462 816 2595 884 ista
2614 869 2634 901 ‚

528 939 560 973 κ
602 933 730 981 seu
763 909 965 1011 falsa,
1003 935 1129 981 seu
1159 935 1327 980 vera
1360 927 1531 982 sunt
1550 968 1569 1002 ‚
1599 916 1957 1006 consuleS‚
1986 934 2231 1014 parata
2259 921 2465 992 vobis
2492 924 2637 1019 ple·

525 1049 558 1083 «
597 1019 725 1090 bes
769 1034 905 1108 est,
942 1023 997 1091 si
1016 1075 1036 1108 ‚
1056 1021 1433 1092 connubiis
1451 1023 1747 1094 redditis
1768 1080 1788 1114 ‚
1818 1052 2037 1097 unam
2063 1028 2252 1101 hanc
2277 1032 2635 1103 civitatem

524 1159 558 1194 <c
594 1130 883 1201 tandem
942 1129 1168 1201 facitis
1202 1158 1221 1219 3
1276 1133 1334 1202 si
1375 1133 1803 1223 coalescere,
1847 1138 1905 1206 si
1944 1138 2154 1234 jungi
2208 1140 2633 1239 miscerique

523 1269 558 1304 «
593 1239 799 1351 vobis
838 1242 1129 1337 privatis
1172 1243 1817 1315 necessitudinibus
1854 1263 2194 1343 possunt-3
2240 1253 2296 1320 si
2343 1276 2537 1348 speS‚
2574 1256 2636 1323 si

523 1380 557 1414 c<
600 1350 833 1421 aditus
871 1351 961 1421 ad
991 1351 1315 1423 honores
1364 1354 1532 1423 viris
1572 1356 1882 1425 strenuis
1924 1370 1995 1427 et
2030 1356 2337 1430 fortibus
2381 1360 2632 1450 datur;

522 1490 556 1525 (ι
595 1463 652 1531 si
696 1464 773 1530 in
814 1464 1215 1547 consortio,
1250 1465 1310 1533 si
1352 1465 1428 1533 in
1468 1466 1805 1537 societate
1856 1465 2266 1562 reipublicae
2308 1494 2496 1558 esse,
2535 1472 2630 1558 si,

523 1600 557 1633 «
593 1569 794 1666 quod
838 1593 1058 1664 aequae
1098 1568 1444 1641 libertatis
1496 1588 1639 1661 est,
1684 1576 1758 1644 in
1812 1577 2038 1645 vicem
2084 1579 2340 1646 annuis
2387 1581 2634 1676 magis-

519 1708 552 1741 «
591 1671 892 1747 tratibus
933 1680 1192 1773 parere
1224 1691 1441 1774 atque
1475 1682 1883 1778 imperitare
1925 1684 2127 1756 licet.'
2155 1688 2228 1757 Si
2248 1685 2275 1729 ³
2308 1688 2459 1758 haec
2496 1692 2632 1758 im-

519 1817 553 1851 e<
587 1787 828 1884 pediet
853 1788 1137 1883 aliquis,
1157 1785 1338 1858 ferte
1359 1791 1844 1880 sermonibus,
1870 1808 1942 1864 et
1961 1796 2426 1893 multiplicate
2445 1796 2632 1868 fama

518 1928 552 1962 «
590 1897 817 1987 bella;
842 1922 1059 1968 nemo
1098 1912 1204 1969 est
1239 1922 1506 1968 nomen
1545 1897 1882 1986 daturus,
1908 1927 2124 1973 nemo
2158 1930 2353 1976 arma
2385 1921 2631 2004 captu·
2683 1943 2688 1950 ·

517 2039 549 2074 c<
585 2034 708 2079 rus
726 2064 746 2097 ‚
789 2033 1004 2079 nemo
1045 2007 1510 2078 dimicaturus
1551 2033 1686 2105 pro
1723 2009 2049 2106 superbis
2085 2011 2396 2083 dominis
2417 2068 2436 2101 ‚
2466 2038 2632 2083 cum

517 2150 550 2183 r<
590 2118 856 2217 quibus
896 2144 1029 2189 nec
1070 2120 1145 2189 in
1189 2144 1268 2189 re
1313 2117 1602 2215 publica
1641 2119 2003 2190 honorum
2020 2175 2040 2208 ‚
2076 2145 2211 2191 nec
2248 2123 2325 2192 in
2360 2125 2632 2220 privata

515 2261 548 2294 «
585 2228 933 2301 connubii
975 2230 1272 2300 societas
1311 2242 1440 2299 est.
1474 2258 1508 2292 »
2550 2308 2556 2313 ⁸

535 2431 539 2436 ,
610 2346 733 2412 VI.
759 2345 1004 2430 Quum
1021 2342 1099 2408 in
1114 2340 1539 2408 concionem
1556 2352 1627 2407 et
1643 2339 1973 2409 consules
1991 2340 2531 2435 processissent,
2558 2353 2629 2410 et

513 2473 627 2518 res
647 2460 668 2488 ¹
715 2473 756 2517 a
793 2450 1161 2544 perpetuis
1204 2447 1652 2517 orationibus
1689 2450 1767 2518 in
1806 2449 2339 2520 altercationem
2377 2451 2630 2520 vertis-

513 2572 655 2646 set3
682 2558 1153 2654 interroganti
1186 2556 1509 2647 tribuum
1543 2583 1673 2628 cur
1688 2558 2054 2657 plebeium
2080 2559 2441 2631 consulem
2448 2563 2635 2654 fieri

512 2692 658 2738 non
691 2670 1103 2764 oporteret?
1133 2681 1215 2737 ut
1252 2666 1548 2740 fortasse
1574 2694 1776 2758 vere,
1822 2695 1916 2741 ne
1945 2695 2202 2768 parum
2242 2670 2512 2741 utiliter
2544 2671 2625 2739 in

509 2901 563 2937 ut
583 2887 807 2937 nimirum
828 2900 878 2938 et
893 2890 1119 2939 videlieet
1132 2888 1266 2955 (IX,
1289 2906 1368 2951 17,
1385 2906 1435 2938 n.
1461 2892 1521 2950 63
1609 2893 1748 2951 tatis,
1771 2893 2067 2940 orationibus
2088 2892 2111 2956 (
2118 2891 2285 2937 confer
2307 2890 2535 2947 XXXII,
2566 2904 2629 2951 19

506 2970 740 3028 XXXII,
759 2985 822 3015 21
839 3004 853 3028 ,
875 2987 924 3017 n.
952 2968 1065 3035 14),
1083 2982 1399 3033 nostrumque
1399 2968 1524 3034 ftei-
1611 2970 1763 3035 extr.)
1789 2987 1840 3017 se
1864 2971 2087 3017 vertisset
2110 2971 2189 3030 (v.
2214 2968 2278 3014 ad
2303 2969 2380 3026 11,
2412 2969 2468 3026 3,
2494 2984 2544 3013 n.
2568 2966 2629 3029 α)

507 3046 615 3092 lich.
647 3049 756 3094 Hoc
793 3065 936 3096 sensu
971 3050 1149 3112 passim
1185 3048 1344 3095 obviae
1375 3063 1521 3093 voees
1610 3048 1659 3094 in
1673 3048 2059 3104 altercationem,
2079 3048 2314 3095 alternum
2329 3046 2630 3109 colloquium

503 3125 610 3174 istae
622 3159 636 3183 ,
650 3136 698 3171 et
715 3137 819 3172 tum
836 3127 1119 3190 plerumque
1135 3127 1272 3188 signa
1287 3127 1518 3188 interrog.
1607 3127 1686 3172 vel
1713 3126 2091 3189 disputationem
2107 3160 2120 3185 ,
2152 3142 2260 3187 quae
2288 3124 2630 3187 interrogatio-

505 3203 726 3266 apposita
749 3215 862 3252 sunt
875 3238 889 3260 ‚
916 3220 1023 3266 quae
1047 3204 1287 3252 removeri
1305 3213 1519 3267 praestat.
1607 3204 1752 3251 nibus
1779 3215 1828 3251 et
1852 3205 2097 3268 responsis
2121 3204 2418 3252 continetur.
2448 3202 2631 3250 Confer

575 3281 621 3326 3.
641 3280 696 3326 Si
709 3280 813 3327 hoec
831 3280 1056 3344 impediet
1071 3281 1248 3344 aliquis
1269 3279 1372 3344 (sin
1389 3281 1522 3339 conj.
1601 3284 1753 3339 VIII,
1782 3283 1873 3339 333
1897 3282 2000 3330 Cic.
2028 3283 2093 3329 ad
2116 3282 2362 3339 Atticum,
2386 3283 2437 3339 1,
2466 3281 2553 3338 16,
2580 3290 2630 3327 et

503 3360 667 3423 Sigon.
706 3359 841 3422 quod
879 3360 958 3406 vel
994 3361 1122 3406 auris
1161 3361 1319 3424 legere
1349 3360 1521 3419 jubet;
1601 3361 1811 3422 Quintil.
1828 3361 1926 3418 vl,
1947 3367 1994 3414 4.
2016 3361 2247 3407 Similiter
2250 3357 2537 3423 perpetuum
2542 3357 2625 3421 ju-

503 3436 871 3503 Bauer.)‚flerte
900 3438 1192 3485 sermonibus
1220 3439 1370 3494 bella,
1399 3454 1523 3484 sem·
1596 3454 1714 3502 gum
1726 3450 1774 3486 et
1787 3439 1980 3485 dorsum
1993 3437 2620 3492 montisdiciturXXXIIL

499 3534 589 3581 per
605 3529 653 3564 et
669 3516 831 3564 ubivis
848 3532 1092 3566 sermones
1110 3518 1270 3578 serite,
1292 3533 1376 3563 seu
1392 3532 1522 3580 spar—
1609 3518 1641 3563 6
1653 3550 1667 3574 ,
1687 3528 1734 3563 et
1753 3518 1868 3563 XLI
1880 3551 1910 3580 ,ι
1928 3518 2006 3563 18.
2034 3518 2178 3566 Conf.
2200 3518 2263 3565 ad
2281 3520 2357 3565 IX
2369 3552 2383 3576 ,
2409 3532 2429 3560 1
2442 3532 2488 3574 7,
2505 3531 2554 3560 n.
2576 3515 2623 3561 6.

500 3596 598 3659 gite
626 3596 685 3642 de
713 3595 877 3655 bellis,
904 3596 1029 3642 bella
1055 3608 1264 3661 erepate.
1290 3595 1521 3642 Similiter
1607 3598 1810 3656 —Mox
1833 3612 1925 3659 pro
1950 3597 2198 3661 respondit
2221 3597 2344 3644 forte
2369 3592 2625 3656 legendum

500 3675 693 3737 aliquid
688 3673 843 3739 sama
861 3686 910 3724 et
927 3675 1193 3721 rumoribus
1196 3673 1335 3740 ferre
1347 3708 1363 3730 ,
1381 3674 1519 3735 quasi
1606 3674 1972 3737 responderunt,
1994 3692 2062 3722 sc.
2082 3676 2326 3729 consules,
2348 3670 2423 3715 vel
2437 3683 2627 3730 respon-

501 3752 808 3800 circumferre
824 3787 839 3810 ‚
876 3755 1057 3800 XXIII
1073 3789 1088 3812 ,
1127 3755 1185 3800 31
1210 3770 1225 3811 ;
1262 3753 1516 3810 XXXIV,
1606 3752 1770 3810 detur,
1797 3753 1870 3800 vel
1893 3754 2299 3817 respondebatur;
2321 3743 2416 3793 nisi
2443 3744 2627 3793 excidit

504 3831 567 3876 36
584 3863 597 3887 ,
621 3847 671 3876 n.
705 3846 725 3874 1
742 3863 756 3887 ‚
781 3841 829 3877 et
855 3829 987 3894 apud
1009 3832 1164 3880 Tacit.
1187 3828 1371 3880 Annal.
1397 3832 1515 3889 XV,
1603 3848 1781 3878 nomen
1795 3833 1989 3879 alterius
2002 3828 2269 3877 consulum.
2290 3828 2502 3873 Bauerns
2520 3840 2627 3889 mo-
2725 3869 2732 3874 .

501 3908 596 3966 46;
616 3909 740 3954 XVI
753 3940 767 3963 o
794 3893 840 3954 2:
1604 3921 1688 3957 net
1699 3944 1712 3968 ,
1731 3910 1985 3974 respondet
2001 3908 2184 3954 dictum
2206 3921 2308 3952 esse
2325 3921 2419 3968 pro
2437 3891 2625 3966 respon-

569 3985 689 4033 Cn.
713 3987 803 4032 VI.
830 4000 873 4031 1.
900 3987 988 4032 Res
1013 4002 1046 4031 a
1059 3988 1330 4049 perpetuis,
1357 3987 1515 4035 conti-
1605 3988 1805 4045 derunt,
1832 3999 1917 4037 aut
1940 3984 2265 4049 supplendum
2295 3983 2489 4038 consul,
2520 3981 2624 4027 scil.

497 4064 636 4125 παίω,
661 4080 758 4111 una
783 4063 906 4111 serie
931 4075 981 4110 et
1001 4064 1368 4112 continuatione
1394 4066 1518 4113 reci-
1606 4082 1666 4112 ex
1686 4065 1982 4112 consulibus.
2002 4063 2241 4110 Neutrum
2261 4061 2376 4108 satis
2394 4059 2621 4124 placebit.
