3000 4717
458 334 696 449 ῢῑὲἐζέῑ
744 357 939 424 LIB.
996 359 1129 425 vl⁴
1185 360 1394 426 CAP.
1453 358 1777 426 XXVII.
1832 358 2202 424 xxvm.
2380 354 2518 450 295

405 477 734 549 tribunos
765 477 999 575 plebis
1035 477 1221 550 fama
1251 504 1333 551 ea
1365 480 1520 577 ipsa
1555 479 1952 548 irritaverat
1979 481 2200 577 magis
2235 481 2325 551 ad
2363 504 2517 551 sus-

400 602 694 684 ceptum
745 603 1149 676 certamen,
1205 588 1927 686 quamdeterruerat
1971 613 2274 685 :vneque
2323 588 2520 662 aliud

400 695 490 769 ad
529 698 958 769 seditionem
1001 699 1595 795 exstinguendam
1640 700 1715 768 in
1758 696 1993 786 Urbe,
2036 723 2255 794 quam
2290 724 2518 797 prope

396 805 677 877 illatum
709 806 1076 882 moenibus
1109 810 1279 906 ipsis
1309 809 1620 897 bellum,
1658 808 1901 879 valuit.

492 922 817 988 XXVIII.
855 922 1050 991 Nam·
1075 943 1306 1017 quum
1344 934 1542 992 esset-
1570 920 2023 1002 Praenestinis
2064 921 2479 994 nuntiatum
2497 976 2517 1008 ‚

394 1022 675 1094 nullum
713 1028 1119 1099 ,exercitum
1172 1031 1665 1127 conscriptum
1710 1035 1997 1118 Romae‚
2042 1029 2329 1100 nullutn
2382 1029 2553 1119 du·-

396 1156 553 1203 cem
597 1150 874 1206 certum
931 1162 1119 1225 esse,
1172 1144 1412 1211 Patres
1459 1164 1541 1210 ac
1590 1139 1880 1237 plebem
1916 1140 2007 1212 in
2044 1154 2274 1212 ¹semet
2325 1141 2519 1236 ipsos

393 1266 673 1333 versos;
713 1249 1166 1320 occasionem
1196 1251 1335 1322 rati
1362 1249 1587 1320 duces
1613 1274 1866 1321 eorum
1885 1302 1905 1335 ‚
1939 1251 2202 1346 raptim
2235 1252 2518 1347 agmine

396 1368 556 1424 acto
577 1365 629 1443 ¹,
661 1361 1082 1454 pervastatis
1107 1361 1442 1457 protinus
1465 1361 1650 1457 agris
1668 1415 1686 1448 ‚
1728 1358 1820 1431 ad
1848 1375 2134 1456 portam
2160 1360 2517 1434 Collinam

393 1463 594 1561 signa
641 1468 966 1540 intulere.
1012 1475 1279 1567 Ingens
1315 1470 1393 1539 in
1438 1468 1639 1549 Urbe
1687 1468 2068 1567 trepidatio
2108 1469 2282 1558 fuit3
2337 1493 2515 1542 con-

393 1573 778 1646 clamatum
815 1579 921 1647 ad
953 1604 1201 1664 arma,
1255 1603 1837 1675 concursumque
1886 1581 1961 1648 in
2008 1603 2254 1650 muros
2298 1594 2517 1676 atque

392 1697 637 1779 portas
676 1700 818 1776 est3
860 1687 1336 1785 tandemque,
1366 1688 1456 1758 ab
1482 1687 1834 1759 seditione
1867 1688 1955 1759 ad
1991 1689 2263 1760 bellum
2295 1692 2516 1775 versi,

392 1791 813 1868 dictatorem
886 1803 960 1870 T.
1022 1800 1401 1892 Quintium
1460 1801 1971 1872 Cincinnatum
2023 1825 2374 1872 creavere.
2444 1806 2514 1872 Is

307 1939 314 1958 =
390 1906 879 2002 magistratum
907 1910 1234 2005 equitum
1255 1913 1335 1979 A.
1354 1911 1860 2007 Sempronium
1879 1912 2284 1981 Atratinum
2306 1909 2507 2008 dixit.

389 2015 604 2106 Quod
643 2014 769 2087 ubi
802 2017 1129 2092 auditum
1159 2034 1266 2092 est
1303 2020 1591 2116 (tantus
1615 2020 1771 2112 ejus
1795 2020 2250 2116 magistratus
2280 2031 2515 2087 terror

389 2127 618 2223 erat),
660 2129 871 2199 simul
909 2129 1154 2208 hostes
1182 2154 1222 2199 a
1251 2128 1617 2200 moenibus
1655 2152 2052 2216 recessere,
2088 2141 2163 2199 et
2193 2127 2516 2222 juniores

387 2240 693 2309 Romani
707 2239 796 2309 ad
809 2239 1127 2310 edictum
1144 2241 1296 2310 sine
1311 2241 1820 2310 retractatione
1833 2249 1860 2280 ²
1876 2262 2304 2309 convenere.
2318 2242 2511 2308 Dum
2528 2306 2535 2316 ,

390 2348 867 2421 conscribitur
892 2357 1135 2422 Romae
1173 2350 1567 2438 exercitus,
1598 2365 1828 2421 castra
1860 2349 2150 2420 interim
2192 2349 2513 2419 hostium
2554 2358 2585 2377 ‘

262 2549 266 2553 ·
366 2452 579 2524 xhaud
623 2461 879 2553 procul
918 2460 1093 2530 Allia
1145 2460 1445 2530 flumine
1495 2461 1728 2556 posita
1773 2486 1788 2528 ε
1838 2457 2008 2529 inde
2065 2483 2318 2557 agrum
2371 2456 2515 2526 late

386 2565 860 2661 populanteS‚
882 2567 1197 2658 fatalem
1238 2593 1312 2638 se
1354 2569 1523 2638 arbi
1551 2594 1878 2640 romanae
1916 2567 2156 2640 locam
2200 2572 2507 2666 cepisse,

383 2673 574 2744 inter
618 2698 696 2745 se
731 2675 1097 2770 jactabant
1134 2702 1148 2743 :
1186 2675 1488 2746 similem
1514 2701 1868 2772 pavorem
1912 2679 2080 2748 inde
2120 2701 2212 2747 ac
2235 2678 2506 2772 fugam

364 2784 571 2871 fore,
621 2809 711 2854 ac
754 2782 939 2855 bello
968 2782 1237 2881 gallico
1254 2785 1510 2876 ficerit.
1562 2789 1887 2869 Etenim,
1941 2791 2006 2854 si
2050 2784 2282 2867 diem,
2335 2808 2509 2853 con-

384 2908 653 2965 tactum
717 2892 1061 2991 religione
1091 2889 1146 2979 ³,
1193 2898 1687 2989 insignemque
1755 2898 2046 2961 nomine
2109 2894 2265 2985 ejus
2333 2890 2476 2960 loci
2489 2945 2512 2976 ,

384 3007 683 3074 timeant
713 3009 1056 3089 Romani,
1113 3019 1386 3101 quanto
1430 3008 1667 3101 magis
1716 3004 1788 3071 A
1796 3000 2028 3072 Iliensi
2070 3001 2191 3072 die
2235 2999 2514 3071 Alliam

388 3115 622 3207 ipsam
641 3167 663 3199 ,
719 3122 1237 3187 monimentum
1286 3129 1509 3185 tantce
1555 3111 1822 3199 cladis,
1874 3112 2519 3202 reformidatur-os?

389 3224 667 3317 Species
696 3229 1036 3319 profecto
1091 3225 1202 3296 his
1246 3221 1353 3295 ibi
1401 3241 1630 3296 truces
1686 3222 2073 3296 Gallorum
2118 3245 2521 3318 sonumque

383 3415 552 3452 monet
578 3404 678 3451 hoc
702 3403 753 3451 in
779 3406 922 3454 etiam
949 3417 1061 3455 ante
1073 3422 1289 3471 praesens
1316 3423 1403 3454 ex·
1491 3418 1632 3464 aeto,
1663 3407 1883 3455 exercitu
1917 3405 2140 3454 celeriter
2173 3414 2312 3451 moto
2344 3413 2393 3450 et
2435 3401 2521 3449 ad-

384 3483 561 3531 cidisse
578 3485 704 3542 vn,
725 3485 790 3532 30
808 3501 883 3548 pr.
895 3484 1005 3547 (ubi
1021 3486 1076 3531 in*
1091 3500 1194 3532 uno
1214 3495 1405 3533 tantum
1490 3497 1646 3544 moto,
1663 3497 1720 3534 ut
1737 3489 1884 3545 XXI,
1902 3488 1990 3546 613
2009 3486 2191 3534 XXIII
2203 3517 2218 3540 ‚
2240 3482 2333 3541 363
2351 3481 2525 3538 XXV,

382 3562 474 3609 MS
498 3573 548 3610 et
570 3561 673 3610 sola
696 3562 911 3610 ed.Ven.
935 3561 1206 3627 reperitur)
1220 3574 1269 3610 et
1291 3579 1405 3611 cen·
1498 3578 1579 3627 19.
1606 3565 1732 3613 Mox
1757 3577 2136 3630 concursumque
2162 3563 2213 3611 in
2242 3578 2402 3608 muros
2428 3558 2519 3609 ad-

380 3640 473 3688 ties
497 3652 610 3688 ante
636 3640 753 3688 eliae
778 3656 925 3689 voces
940 3674 956 3699 ,
987 3641 1049 3689 de
1081 3641 1262 3704 quihus
1291 3640 1406 3689 vide
1494 3659 1588 3706 qne
1600 3654 1776 3706 porcas
1800 3656 1874 3691 est
1895 3643 2031 3704 conj..
2056 3645 2215 3691 Gron-

381 3720 531 3767 Drak.
560 3719 623 3767 ad
646 3722 722 3778 X,
759 3722 838 3769 13.
868 3726 939 3757 —‘-
963 3720 1090 3768 Mox
1114 3731 1276 3779 reete,
1300 3721 1407 3784 opi-
1566 3737 1615 3768 2.
1632 3721 2120 3778 Sineretraetatione,
2133 3721 2288 3777 v.111‚
2304 3719 2390 3780 49,
2417 3733 2468 3765 n.
2486 3733 2528 3763 1.

350 3797 354 3802 ’
379 3811 491 3859 nor,
502 3798 751 3864 profectus
771 3798 920 3848 hostis
939 3815 1165 3863 recepere
1180 3801 1403 3848 Gronov.
1566 3801 1614 3846 3.
1639 3799 1832 3847 Etenim
1857 3800 1901 3847 si
1925 3799 2052 3848 diem
2076 3798 2372 3855 Allien-em,
2402 3811 2519 3843 con·

380 3887 431 3926 et
451 3879 596 3927 Crev.
621 3895 648 3926 e
678 3878 710 3926 6
740 3880 895 3938 MSS,
925 3890 973 3927 et
999 3878 1049 3926 in
1076 3894 1197 3943 agro
1219 3877 1403 3942 gabino
1493 3889 1677 3925 tactum
1701 3878 1934 3942 religione
1949 3911 2115 3927 ......
2140 3887 2327 3941 quanto
2364 3873 2517 3939 magis

379 3973 472 4021 pro
501 3957 672 4004 sabino
691 3957 842 4005 Drak-
872 3973 933 4006 ex
959 3959 1088 4019 conj.
1116 3959 1221 4005 Jac.
1245 3959 1402 4005 Grou.
1492 3955 1704 4005 Alliensi
1742 3956 1850 4014 die,
1888 3972 2033 4020 quam
2059 3955 2327 4006 Alliensem
2371 3954 2503 4002 diem

385 4036 533 4083 Gabii
554 4037 683 4084 inter
703 4039 945 4085 Praeneete
971 4047 1021 4084 et
1041 4039 1249 4094 Romam
1271 4035 1372 4084 siti.
1495 4034 1686 4083 Alliam
1710 4034 1892 4098 1‘psam,
1918 4046 2013 4084 etc.
2040 4034 2191 4084 Conf.
2209 4049 2318 4099 sup.
2347 4049 2453 4098 cap.
2484 4049 2498 4077 ι
2521 4057 2539 4072 -·

450 4115 568 4164 Cu.
606 4117 849 4170 xxvm.
893 4131 934 4163 ι.
972 4114 1167 4180 Raptim
1210 4114 1405 4180 agmine
1492 4113 1728 4179 religione
1741 4125 2039 4170 contactum,
2062 4114 2272 4178 turpiter
2284 4123 2535 4160 notatum:
