3000 4717
2310 345 2360 382 A.
2386 343 2432 383 C.
2462 346 2550 387 3²2.

486 364 621 456 492
1335 365 1411 430 T.
1477 366 1661 434 LIV
1678 366 1769 455 ΙΙι
2310 406 2362 446 ῃ,
2380 405 2429 445 ρ,
2457 408 2549 452 430,

481 469 1152 577 passim'hominum
1183 482 1510 575 jactata¹‚
1556 509 1773 581 quam
1813 485 1890 553 in
1912 482 2210 581 publico
2245 484 2400 556 ullo
2433 512 2601 558 con-

483 591 647 661 cilio
702 605 843 676 est;
893 592 988 660 ita
1039 592 1486 688 insequentis
1537 596 1707 665 anni
1754 594 2207 685 consulibuS,
2255 601 2336 674 L.
2386 599 2601 670 Furio

481 698 781 771 Camillo
819 700 1117 787 iterum,
1151 707 1186 772 J
1195 703 1365 772 unio
1407 707 1631 774 Bruto
1666 710 1955 793 Scaevae‚
1994 705 2194 776 nulla
2231 707 2433 802 prior
2463 732 2601 805 po-

483 812 770 905 tiorque
814 811 960 881 visa
1019 826 1160 898 est,
1223 810 1313 884 de
1370 838 1514 910 qua
1569 814 1659 884 ad
1712 830 2041 886 senatum
2089 812 2454 885 referrent.
2509 821 2602 885 Et

483 945 900 1017 quanquam
930 946 1114 991 nova
1145 945 1256 1004 res
1294 938 1446 994 erat
1466 980 1484 1013 ‚
1524 938 1766 995 tamen
1797 940 1994 995 tanta
2025 950 2197 996 cura
2234 929 2471 997 Patres
2498 927 2605 995 in-

486 1033 696 1102 cessit
713 1043 767 1119 2,
816 1045 895 1102 ut
939 1034 1205 1129 pariter
1255 1059 1409 1104 earn
1462 1049 1866 1132 susceptam
1913 1037 2458 1134 neglectamque
2509 1038 2598 1106 ti·

482 1159 796 1232 merent;
814 1169 906 1215 ne
928 1160 1051 1214 aut
1072 1146 1460 1242 impunitas
1484 1171 1738 1218 eorum
1751 1143 1778 1189 ³
1797 1146 2078 1219 lascivia
2096 1145 2600 1243 superbiaque,

485 1271 611 1326 aut
647 1254 842 1326 bello
875 1280 1109 1352 poenae
1142 1259 1471 1355 expetitae
1511 1272 1713 1329 metu
1743 1259 2207 1356 propinquo‘*
2252 1270 2469 1352 atque
2500 1258 2603 1325 ira

485 1368 860 1438 concirent
897 1365 1239 1438 finitimos
1275 1370 1611 1466 populos,
1652 1374 1742 1440 Et
1784 1382 1934 1440 erat
1968 1392 2197 1466 genus
2224 1390 2441 1438 omne
2474 1365 2602 1437 ab·

484 1477 680 1548 unde
716 1476 911 1548 bello
953 1477 1393 1550 Samnitibus
1422 1504 1590 1577 par,
1622 1481 1835 1550 Marsi
1872 1478 2291 1575 Pelignique
2326 1491 2397 1547 et
2425 1481 2609 1547 Mar·

483 1589 719 1657 rucini
748 1615 762 1657 ε
792 1611 1010 1684 quOS,
1039 1589 1095 1660 si
1128 1591 1468 1661 Vestinus
1504 1591 2012 1686 attingeretur,
2052 1611 2308 1658 omnes
2335 1585 2605 1657 haben·

487 1695 620 1768 dos
655 1697 923 1769 hostes.
958 1701 1146 1772 Vicit
1174 1714 1415 1772 tamen
1441 1725 1645 1799 pars,
1682 1724 1841 1796 quae
1879 1701 1955 1769 in
1982 1698 2358 1796 praesentia
2382 1696 2607 1768 videri

488 1809 730 1905 potuit
750 1811 887 1906 maj
897 1813 1041 1883 oris
1057 1813 1301 1899 animi,
1315 1837 1533 1908 quam
1550 1810 1859 1882 consilii:
1885 1809 2007 1881 sed
2024 1823 2323 1881 eventus
2338 1809 2606 1892 docuit,

486 1916 710 1990 fortes
739 1918 1108 1992 fortunam
1122 1923 1374 2018 juvare
1390 1919 1439 1991 ⁵.
1463 1922 1743 1993 Bellum
1768 1947 1857 1992 ex
1873 1921 2297 1992 auctoritate
2318 1925 2606 1990 Patrum

486 2031 803 2127 populus
840 2034 1179 2105 adversus
1210 2033 1544 2104 Vestinos
1577 2034 1822 2128 jussit3
1854 2032 2220 2130 provincia
2251 2055 2332 2100 ea
2363 2032 2609 2115 Bruto,

488 2142 855 2211 Samnium
926 2141 1230 2213 Camillo
1286 2157 1478 2214 sorte
1538 2145 1824 2230 evenit;
1894 2142 2244 2212 exercitus
2296 2153 2606 2233 utroque

487 2248 716 2338 ducti,
749 2265 820 2323 et
845 2277 1018 2323 cura
1041 2253 1482 2324 tuendorum
1514 2253 1770 2323 finium
1797 2251 2042 2323 hostes
2067 2247 2406 2347 prohibiti
2433 2270 2604 2316 con-

481 2358 789 2455 jungere
818 2387 1031 2431 arma.
1066 2367 1422 2433 Caeterum
1449 2364 1757 2433 alterum
1789 2360 2158 2433 consulem
2187 2363 2264 2429 L.
2289 2358 2607 2443 Furium,

490 2468 606 2539 cui
639 2470 871 2563 major
920 2471 1150 2541 moles
1206 2497 1450 2541 rerum
1501 2474 1836 2570 imposita
1882 2487 2067 2557 erat,
2109 2468 2367 2540 morbo
2413 2469 2608 2565 gravi

488 2577 920 2674 implicitum
961 2578 1250 2650 fortuna
1290 2580 1485 2653 bello
1532 2581 1888 2653 subtraxit
1922 2609 1937 2650 :
1966 2583 2354 2677 jussusque
2392 2577 2606 2648 dicta-

489 2700 724 2758 torem
780 2690 1018 2763 dicere
1061 2692 1165 2762 rei
1209 2692 1537 2788 gerendae
1586 2718 1795 2764 causa
1814 2748 1832 2781 ‚
1876 2693 2092 2787 longe
2144 2691 2609 2762 clarissimum

488 2795 689 2869 bello
741 2824 822 2870 ea
870 2815 1292 2899 tempestate
1334 2803 1515 2872 dixit
1550 2808 1625 2873 L.
1682 2804 2043 2901 Papirium
2095 2806 2512 2885 Cursorem3
2568 2822 2609 2866 a

488 2932 639 3005 quo
674 2910 760 2999 Q,
806 2909 1061 2983 Fabius
1099 2913 1449 2982 Maximus
1486 2911 1859 2983 Rullianus
1902 2914 2239 3007 magister
2285 2910 2608 3006 equitum

562 3109 683 3169 Cn.
706 3110 902 3156 xxm.
937 3125 981 3158 1.
1023 3110 1326 3164 Semonibus
1352 3109 1507 3157 homi-

493 3202 608 3233 num
623 3186 852 3250 jactata,
881 3188 1050 3235 confer
1065 3189 1130 3235 ad
1156 3192 1233 3247 ΙΙ,
1265 3204 1353 3246 12,
1380 3206 1434 3236 n.
1457 3205 1506 3247 7.

563 3281 612 3312 2.
639 3266 705 3311 Et
727 3282 1010 3329 quanquam
1030 3283 1155 3315 nova
1177 3284 1251 3315 res
1274 3280 1405 3324 erac,
1431 3279 1510 3316 ea·

1667 3110 1715 3156 3.
1737 3106 2007 3171 Impunitas
2025 3124 2216 3164 eorum,
2246 3107 2434 3155 scilicet
2450 3103 2611 3152 vesti-

1593 3202 1799 3244 norum,
1821 3185 1917 3233 nini
1945 3187 2013 3234 ita
2039 3184 2298 3248 legendum
2325 3197 2413 3233 est.

1668 3274 1714 3321 4.
1749 3267 1885 3314 Metu
1910 3265 2218 3328 propinquo,
2257 3264 2526 3328 propinqui
2565 3273 2615 3309 et

492 3360 600 3394 men
624 3355 765 3392 tanta
791 3360 909 3391 cura
929 3349 1100 3393 Patres
1127 3347 1319 3396 incessit
1332 3361 1350 3394 ‚⁸
1372 3346 1510 3410 quod

493 3439 598 3472 non
619 3424 792 3472 mirum
820 3423 875 3470 in
898 3440 952 3470 re
976 3440 1127 3481 nova,
1150 3442 1259 3489 quae
1287 3441 1509 3489 maguam

491 3502 639 3551 nobis
665 3518 828 3551 curam
861 3501 1061 3562 injicere
1093 3503 1233 3552 solet.
1273 3504 1352 3552 Sic
1381 3504 1510 3552 infra

492 3584 746 3640 xxvm,
768 3589 863 3638 44:
885 3582 1053 3647 Major
1062 3581 1338 3646 ignotarum
1351 3599 1512 3630 rerum

495 3673 567 3709 est
611 3674 778 3710 terror.
829 3661 1075 3719 strothius
1113 3678 1262 3725 quam
1306 3678 1370 3709 ex
1409 3678 1509 3709 uno

492 3740 603 3788 cod.
615 3741 813 3805 ‘recepit
827 3758 920 3806 pro
936 3758 1221 3807 quanquam
1232 3777 1249 3798 ,
1270 3752 1318 3789 et
1331 3742 1512 3790 delevit

491 3817 549 3867 τὸ
571 3830 731 3866 tamen
741 3857 758 3879 ,
775 3832 1005 3883 tanquam
1017 3820 1283 3882 adjectum,
1299 3832 1352 3868 ut
1370 3833 1512 3880 esset,

493 3900 634 3959 quod
663 3904 735 3966 τῷ
761 3916 1045 3963 quanquam
1069 3899 1401 3963 responderet.
1415 3899 1512 3948 Sed

494 3973 754 4034 legendum
772 3978 939 4039 potius
964 3994 1075 4025 cum
1092 3979 1292 4027 Dukero
1312 3993 1325 4027 ε
1353 3994 1513 4042 quan·

497 4067 646 4115 quam
662 4063 805 4107 noca,
828 4056 905 4101 vel
923 4072 1022 4103 non
1042 4073 1166 4103 nova
1185 4073 1260 4104 res
1281 4069 1411 4113 erat,
1439 4068 1511 4105 ta-

496 4145 604 4181 men
626 4140 768 4176 canta
789 4145 909 4178 cura
919 4145 1090 4195 patres
1102 4168 1119 4192 ,
1152 4145 1250 4185 etc.

1597 3345 1691 3392 sihi
1731 3360 1926 3408 quoque
1951 3343 2258 3414 ‘imminentis
2292 3343 2514 3405 periculi.
2543 3368 2615 3376 —

1602 3423 1762 3471 Genus
1785 3438 1950 3480 omne,
1984 3422 2163 3485 singuli
2184 3422 2263 3468 vel
2288 3431 2420 3468 certe
2446 3435 2616 3467 omnes

1597 3502 1771 3566 populi
1793 3501 2005 3550 finitimi.
2032 3527 2103 3537 —-
2143 3500 2198 3547 Si
2220 3499 2439 3547 Vescinus
2467 3499 2617 3547 attin·

1593 3593 1815 3646 geretur,
1863 3582 2046 3630 bellum
2092 3580 2137 3627 ei
2180 3579 2491 3627 indiceretur.
2539 3580 2618 3625 Do

1598 3661 1800 3718 Marsis,
1843 3660 2082 3724 Pelignis,
2118 3658 2319 3705 Vestinis
2346 3668 2394 3705 et
2420 3659 2617 3704 Marru-

1599 3739 1718 3786 cinis
1747 3740 1858 3787 vide
1880 3739 1944 3786 ad
1965 3738 2176 3786 Sil.vn1
2193 3771 2207 3795 ,
2240 3736 2342 3797 495
2366 3750 2467 3798 seq.
2498 3736 2617 3794 510,

1603 3822 1703 3869 515
1721 3854 1735 3878 ‚
1763 3820 1889 3882 519.

1672 3901 1719 3949 5.
1746 3902 1911 3946 Fortes
1946 3900 2211 3944 Fortunam
2234 3896 2436 3960 juvare,
2476 3906 2618 3942 vetus

1598 3977 1826 4043 proverb.
1853 3977 2031 4041 passim
2054 3975 2277 4026 obvium.
2304 3974 2486 4024 Confer
2510 3974 2616 4020 Ma-

1599 4057 1835 4115 crob.VI,
1867 4067 2067 4112 1.extr.;
2089 4055 2191 4104 Cic·
2217 4057 2364 4104 Tusc.
2380 4057 2456 4114 11,
2481 4061 2512 4108 4
2533 4067 2613 4115 pr.

1598 4147 1646 4188 et
1665 4137 1804 4201 virg.
1831 4135 2021 4188 AEneid.
2042 4139 2122 4193 X,
2153 4136 2270 4188 284.
