3000 4717
428 322 801 444 322333333333
851 346 1171 415 LIBER
1221 345 1355 413 lv.
1413 346 1629 414 cAP.
1683 347 1949 415 XLVI.
2004 346 2316 415 XLVII.
2403 369 2488 439 91

371 486 557 557 erat,
597 486 753 542 tum
799 480 1065 540 eventu
1100 466 1256 560 ejus
1297 465 1508 554 belli,
1552 467 1749 563 quod
1797 468 1923 537 uni
1964 480 2327 537 certamen
2367 466 2499 535 tri-

370 578 742 652 bunorum
761 591 1177 676 suspectum
1205 592 1371 649 ante
1393 601 1551 649 rem
1578 578 1762 649 male
1783 591 2053 676 gestam
2073 575 2302 648 fuerat
2320 604 2340 667 3
2360 600 2502 646 ma-

368 692 594 789 gistro
614 693 940 789 equitum
962 702 1230 776 creato,
1247 714 1288 758 a
1306 713 1455 785 quo
1473 690 1626 786 ipse
1647 686 1945 758 tribuno
1961 688 2271 757 militum
2290 685 2503 758 dicta-

372 814 492 870 tor
519 815 671 872 erat
694 802 962 888 dictuS,
982 798 1130 869 filio
1154 824 1319 884 suo,
1349 814 1431 870 ut
1450 796 1807 870 tradidere
1831 798 2124 895 quidam
2151 798 2356 884 (nam
2386 795 2503 867 alii

365 909 661 981 Ahalam
693 911 1070 982 Servilium
1106 911 1524 1008 magistrum
1561 911 1889 1007 equitum
1928 933 2015 980 eo
2049 932 2243 977 anno
2284 905 2502 976 fuisse

366 1019 764 1116 scribunt),
797 1044 989 1091 novo
1032 1024 1346 1091 exercitu
1388 1018 1752 1119 profectus
1791 1019 1881 1090 ad
1920 1018 2230 1106 bellum,
2265 1017 2503 1088 accitis

367 1132 493 1227 qui
521 1131 813 1202 Tusculi
841 1144 1080 1219 erant,
1110 1130 1258 1202 duo
1281 1132 1504 1203 millia
1531 1153 1874 1229 passuum
1901 1130 1992 1202 ab
2020 1128 2227 1201 hoste
2257 1128 2503 1198 locum

346 1241 615 1314 castris
650 1242 865 1339 cepit.

459 1354 743 1423 XLVII.
780 1351 1184 1448 Transierat
1216 1374 1306 1420 ex
1335 1373 1415 1421 re
1449 1348 1641 1420 bene
1675 1362 1874 1444 gesta
1911 1347 2249 1445 superbia
2277 1347 2501 1446 negli-

306 1513 315 1522 ,
362 1461 752 1556 gentiaque
783 1459 872 1529 ad
901 1464 1203 1556 AEquOS‚
1238 1484 1398 1555 quae
1435 1461 1511 1528 in
1542 1460 1859 1529 romanis
1894 1457 2203 1528 ducibus
2241 1456 2494 1530 fuerat.

364 1573 622 1666 Itaque
676 1570 913 1666 primo
961 1570 1200 1639 statim
1241 1567 1489 1664 praelio
1538 1591 1769 1665 quum
1817 1566 2129 1639 dictator
2174 1568 2503 1664 equitatu

362 1679 684 1749 immisso
740 1680 1250 1774 antesignanos
1302 1667 1626 1749 hostium*
1678 1677 2038 1751 turbasset
2066 1734 2084 1768 ,
2131 1679 2502 1777 legionum
2593 1665 2603 1681 “

363 1788 536 1858 inde
558 1791 763 1885 signa
785 1787 1034 1859 inferri
1053 1812 1358 1886 propere
1373 1789 1617 1883 jussit,
1639 1788 2213 1886 signiferumque
2241 1813 2332 1860 ex
2356 1790 2501 1860 suis

361 1921 594 1966 unum
632 1912 1094 1995 cunctantem
1128 1895 1411 1969 occidit.
1452 1904 1722 1968 Tantus
1759 1897 1976 1969 ardor
2016 1900 2107 1968 ad
2150 1900 2501 1971 dimican-

362 2005 539 2076 dum
571 2005 741 2097 fuit,
762 2023 846 2077 ut
873 2011 1224 2106 impetum
1246 2010 1456 2105 AEqui
1480 2031 1633 2078 non
1664 2008 1993 2098 tulerint3
2015 2010 2331 2107 victique
2352 2010 2501 2080 acie

358 2141 586 2213 quum
617 2116 785 2215 suga
811 2116 1041 2189 effusa
1070 2120 1416 2216 petissent
1447 2133 1677 2189 castra
1695 2173 1713 2207 ,
1743 2118 2038 2190 brevior
2066 2133 2397 2217 tempore
2427 2133 2500 2190 et

363 2230 754 2301 certamine
805 2231 1049 2301 minor
1096 2244 1497 2301 castrorum
1548 2231 2003 2327 oppugnatio
2056 2223 2192 2299 fuit
2217 2284 2237 2317 ,
2279 2251 2499 2325 quam

357 2338 679 2432 praelium
711 2338 964 2412 fuerat.
1005 2341 1246 2437 Captis
1275 2339 1727 2438 direptisque
1757 2342 2041 2429 castris,
2071 2363 2302 2438 quum
2329 2361 2498 2437 prae-

360 2445 527 2514 dam
549 2447 851 2519 dictator
877 2448 1089 2520 militi
1114 2451 1615 2538 concessisset,
1639 2451 2076 2548 sequutique
2103 2448 2497 2548 fugientem

363 2580 453 2625 ex
491 2560 733 2628 castris
767 2559 1050 2629 hostem
1089 2563 1370 2657 equites
1403 2562 1978 2649 renuntiassent,
2005 2583 2266 2634 ⁴omnes
2301 2559 2499 2630 Lavi·

361 2687 583 2734 canos
610 2666 832 2735 victos
848 2676 899 2753 ¹,
925 2692 1256 2765 magnam
1280 2685 1563 2767 partem
1593 2676 1988 2769 AEquorum
2006 2672 2305 2741 Lavicos
2334 2694 2500 2740 con·

357 2771 663 2872 fugisse3
693 2789 988 2872 postero
1028 2776 1143 2848 die
1182 2778 1271 2848 ad
1306 2781 1606 2850 Lavicos
1641 2780 1900 2851 ductus
1934 2780 2328 2851 exercitus:
2365 2803 2497 2877 op-

352 2885 756 2985 pidumque
778 2941 798 2976 ,
853 2911 1125 2959 corona
1175 2888 1703 2959 circumdatum
1735 2943 1755 2978 ,
1814 2891 2019 2959 scalis
2073 2902 2364 2985 captum
2418 2911 2502 2956 ac

356 2995 719 3093 direptum
772 3013 898 3070 est.
950 3002 1316 3088 Dictator,
1352 3000 1677 3073 exercitu
1725 3001 1996 3070 victore
2035 3003 2343 3070 'Romam
2389 3020 2497 3067 re·

356 3099 614 3193 duct0,
650 3107 767 3182 die
803 3126 1098 3201 octavo,
1138 3136 1357 3209 quam
1401 3123 1692 3181 creatus
1727 3121 1921 3195 erat,
1960 3108 2378 3205 magistratu
2419 3129 2496 3176 se
2545 3175 2550 3180 .
2594 3149 2598 3156 ·

354 3210 743 3303 .abdicavit;
771 3236 842 3291 et
872 3237 1288 3322 opportune
1320 3234 1649 3309 senatuS‚
1683 3221 2106 3319 priusquam
2142 3216 2232 3289 ab
2265 3216 2497 3288 tribu·
2541 3209 2547 3214 ’

354 3321 469 3392 nis
507 3321 702 3419 plebi
743 3336 1032 3425 agrariae
1069 3332 1498 3420 seditioneS,
1534 3333 1907 3405 mentione
1947 3329 2140 3401 illata
2185 3327 2275 3401 de
2321 3352 2499 3425 agro

350 3434 680 3503 lavicano
724 3434 1153 3529 dividendo,
1191 3443 1452 3515 fierent
1473 3498 1493 3531 ,
1537 3444 1819 3515 censuit
1864 3441 2247 3539 frequens,
2295 3437 2500 3507 eolo-

262 3611 269 3618 .
356 3544 553 3612 niam
592 3544 890 3616 Lavicos
932 3546 1451 3622 deducendam.
1504 3555 1764 3625 Coloni
1810 3552 1900 3623 ab
1937 3550 2137 3622 Urbe
2185 3545 2382 3618 mille
2426 3559 2498 3616 et
2541 3566 2543 3569 ’

351 3655 733 3753 quingenti
751 3655 950 3726 missi
965 3655 1404 3758 binajugera
1425 3674 1884 3758 acceperunt.
1924 3661 2167 3755 Captis
2184 3656 2458 3727 Lavicis
2473 3711 2499 3744 ,.

347 3787 430 3833 ac
444 3762 708 3837 deinde
724 3764 1035 3837 tribunis
1048 3775 1076 3807 ²
1090 3769 1398 3840 militum
1410 3769 1772 3842 consul-ari
1786 3780 2167 3865 potestate,
2181 3765 2497 3863 Agrippa

419 3945 541 3994 Cu.
579 3945 786 3994 XLVII.
833 3961 875 3993 1.
925 3946 1099 3995 Viccos.
1139 3947 1373 4013 Suspecta
1467 3950 1585 3998 dum
1611 3964 1796 3996 corona
1828 3945 2209 4003 circumdatum,
2242 3961 2292 3994 v.
2321 3941 2383 3993 ad
2415 3945 2497 4006 11,

345 4039 449 4073 vox
472 4025 564 4074 ista
588 4026 846 4086 Cra-erio,
864 4042 957 4090 qua
976 4041 1234 4092 suppressa
1255 4027 1373 4076 libe-
1483 4045 1541 4090 17
1556 4064 1571 4089 ,
1595 4045 1645 4077 n.
1677 4029 1725 4076 3.

347 4102 451 4153 rius
464 4103 612 4156 fluere
632 4107 790 4158 oratio
810 4103 1017 4157 vicktur.
1035 4107 1206 4157 En.--
1221 4107 1369 4172 Oppi·
1532 4124 1580 4155 2.
1616 4105 1835 4157 Tribunis
1859 4105 2068 4155 militum
2099 4123 2215 4157 com
2236 4142 2248 4155 .
2277 4119 2384 4172 pot.
2422 4105 2496 4154 di-
