3000 4717
457 304 509 343 Δ.
536 302 585 342 C.
613 303 705 355 387.

461 365 704 407 n.c.3⁶5.
1003 323 1325 391 LIBER
1373 321 1463 388 V.
1521 318 1738 388 CAP.
1788 317 1945 385 XL.

407 450 534 546 qui
557 459 781 546 captae
801 442 1003 515 urbis
1025 468 1177 514 non
1198 463 1571 539 superesse
1598 449 1996 511 statuerant
2019 432 2238 505 exitio
2256 459 2276 522 ;
2300 454 2533 529 quum

405 560 558 657 ipsa
609 582 725 629 res
776 555 1192 656 speciesque
1246 550 1674 625 miserabilis
1716 561 1902 634 erat,
1954 559 2109 617 tum
2162 541 2538 615 muliebris

402 669 619 742 fletus
656 681 730 740 et
760 665 1215 738 concursatio
1246 665 1554 750 incerta,
1594 683 1792 732 nunc
1821 658 1960 728 hos
1994 678 2193 726 nunc
2227 652 2388 725 illos
2421 676 2532 725 se-

408 778 823 875 quentium,
854 775 1468 873 rogitantiumque
1493 773 1690 858 viros
1717 782 2074 865 natosque
2093 821 2112 854 ‚
2141 765 2259 835 cui
2285 787 2360 834 se
2386 760 2534 837 fato

405 887 694 978 darent,
737 885 918 957 nihil
934 939 956 975 ‚
994 882 1197 982 quod
1227 883 1562 956 humanis
1597 892 2005 979 superesset
2038 874 2242 948 malis
2260 928 2280 963 ‚
2322 872 2539 944 relin-

406 997 815 1095 quebant2:
872 1019 1130 1094 magna
1170 1019 1334 1093 pars
1378 1008 1623 1066 tamen
1669 1015 1918 1063 earum
1961 990 2038 1060 in
2081 1010 2320 1060 arcem
2369 1009 2538 1057 suos

404 1122 867 1205 prosequutae
902 1121 1104 1195 sunt,
1144 1130 1281 1177 nec
1318 1102 1756 1204 prohibente
1792 1102 1944 1174 ullo
1967 1155 1987 1190 ‚
2027 1124 2164 1172 nec
2192 1111 2535 1186 vocante3

402 1219 610 1316 quia,
675 1217 874 1315 quod
923 1218 1101 1310 utile
1152 1214 1461 1287 obsessis
1522 1212 1614 1284 ad
1657 1210 2128 1283 minuendam
2171 1207 2542 1279 imbellem

401 1328 948 1400 multitudinem
966 1381 1000 1416 2
1018 1326 1092 1397 id
1113 1350 1370 1423 parum
1396 1324 1800 1395 humanum
1820 1334 1991 1392 erat.
2022 1320 2204 1408 Alia,
2230 1319 2539 1390 maxime

358 1469 361 1473 ’
403 1437 671 1537 plebis,
720 1436 973 1525 turba,
1026 1459 1245 1533 quam
1285 1459 1422 1506 nec
1459 1457 1717 1531 capere
1765 1446 1912 1503 tam
1951 1431 2254 1528 exiguus
2296 1429 2496 1500 collis
2517 1485 2537 1521 ,

405 1572 546 1619 nec
583 1548 774 1619 alere
822 1548 900 1617 in
942 1558 1144 1617 tanta
1181 1544 1431 1643 inopia
1473 1542 1823 1614 frumenti
1858 1555 2143 1640 poterat
2164 1595 2184 1630 ‚
2232 1565 2321 1612 ex
2358 1541 2543 1614 urbe

409 1655 680 1745 effusa,
705 1656 905 1746 velut
942 1643 1227 1752 agmine
1260 1654 1411 1750 jam
1440 1678 1628 1742 unn,
1655 1654 1864 1754 petiit
1890 1652 2315 1724 Janiculum.
2358 1651 2537 1724 Inde

406 1789 574 1864 pars
615 1789 748 1862 per
789 1788 998 1862 agros
1047 1762 1339 1862 dilapsi,
1389 1787 1560 1862 pars
1606 1762 1825 1835 urbes
1870 1776 2133 1861 petunt
2159 1759 2503 1835 finitimas
2521 1819 2540 1853 ‚
2558 1850 2575 1859 ἱ

405 1877 560 1948 sine
610 1874 765 1945 ullo
815 1872 999 1946 duce
1044 1888 1167 1946 aut
1223 1898 1624 1964 comeum,
1672 1898 1875 1947 suam
1929 1875 2237 1972 quisque
2292 1897 2496 1972 spem
2520 1930 2540 1964 ‚

398 2010 531 2057 sua
574 1984 868 2058 consilia
890 2039 910 2075 ‚
964 1984 1476 2056 communibus
1514 1983 1904 2083 deploratis
1920 1979 1977 2072 ³,
2031 1996 2536 2079 exsequentes.

406 2096 701 2169 Flamen
717 2097 1005 2168 interim
1024 2097 1413 2187 Quirinalis
1430 2098 1893 2195 virginesque
1903 2094 2226 2167 Vestales
2237 2149 2258 2183 ‚
2284 2098 2542 2169 omissa

405 2230 654 2280 rerum
694 2231 988 2280 suarum
1036 2231 1208 2279 cura
1223 2263 1244 2297 ‚
1290 2198 1452 2304 quae
1494 2230 1869 2279 sacrorum
1918 2229 2161 2277 secum
2207 2202 2538 2295 ferenda,

404 2342 566 2414 quae
599 2320 813 2416 (quia
830 2320 1020 2391 vires
1042 2316 1134 2389 ad
1160 2319 1406 2389 omnia
1431 2315 1734 2390 ferenda
1758 2312 2104 2409 deerant)
2129 2316 2542 2413 relinquen-

405 2422 497 2495 da
533 2442 810 2517 essent,
856 2428 1348 2499 consultantes
1366 2482 1386 2517 ‚
1430 2428 1683 2525 quisve
1722 2452 1806 2500 ea
1833 2426 2035 2499 locus
2082 2424 2280 2498 fideli
2316 2451 2538 2498 asser-

402 2547 701 2605 vaturus
736 2534 1065 2605 custodia
1106 2551 1325 2624 esset,
1369 2538 1728 2634 optimum
1770 2536 2085 2626 ducunt,
2130 2536 2423 2609 condita
2462 2539 2538 2608 in
2602 2537 2607 2542 ’

405 2642 693 2716 doliolis
728 2642 988 2715 sacello
1007 2646 1038 2694 4
1081 2645 1417 2742 proximo
1459 2645 1734 2718 aedibus
1770 2644 2080 2718 flaminis
2110 2646 2500 2749 Quirinalis
2519 2701 2539 2734 ‚

2393 332 2521 380 201

1512 2837 1569 2874 nt
1593 2825 1794 2874 imbellis
1823 2826 2080 2875 multitudo
2108 2826 2426 2883 minueretur,
2450 2826 2538 2874 sed

1504 2921 1688 2968 parum
1710 2904 1999 2963 humanum,
2026 2905 2088 2953 ab
2102 2905 2417 2953 humanitatis
2436 2904 2541 2969 pie·

471 2839 521 2871 a.
549 2821 693 2872 Nihil
712 2824 1078 2887 relinquebant,
1103 2824 1241 2889 quod
1257 2823 1427 2872 liuma-

400 2901 476 2950 m's
486 2916 751 2968 superesset
764 2904 931 2962 malis,
948 2904 1084 2968 quod
1102 2903 1425 2952 miserabilius

400 2978 521 3045 fingi
546 2995 732 3047 posset.
759 2983 935 3032 Baueri
959 2994 1079 3032 nota
1105 2994 1208 3033 est:
1244 3005 1266 3027 ι
1288 2983 1428 3032 relin-

402 3060 636 3122 quebant,
658 3062 899 3113 faciebant
913 3099 928 3123 ,
947 3075 1005 3112 nt
1024 3064 1266 3128 reliquum
1287 3074 1426 3128 puta·

401 3148 566 3198 retur3
585 3140 663 3187 vel
681 3141 922 3191 faciebant
936 3158 1042 3191 eam
1059 3143 1397 3192 conditionem
1408 3176 1424 3202 ,

400 3215 726 3267 ostendebant
744 3254 759 3280 ,
784 3220 1112 3282 inducebant,
1139 3233 1195 3270 ut
1218 3237 1422 3287 appare-

399 3304 499 3353 ret,
519 3294 643 3342 nibil
654 3297 875 3347 relictum
891 3301 1007 3348 mali
1019 3335 1034 3360 ,
1055 3301 1304 3366 quodiam
1319 3317 1424 3349 non

399 3374 691 3433 sentiretur,
718 3375 843 3424 nibil
872 3379 1008 3441 quod
1037 3380 1226 3428 deesset
1240 3415 1254 3439 ‚
1290 3378 1426 3443 quod

397 3465 526 3502 esset
560 3466 738 3519 preter
775 3466 825 3503 et
865 3472 1013 3520 super
1045 3457 1157 3516 illa,
1185 3473 1295 3521 quoe
1325 3459 1427 3517 jam

396 3534 651 3582 sentirent.
674 3534 1003 3597 Dativus‘esse
1029 3535 1224 3584 videtur
1250 3534 1422 3583 huma·

399 3612 476 3659 nis
494 3612 662 3670 malis,
683 3613 862 3676 quibus
886 3614 1096 3679 supersit
1116 3614 1327 3678 aliquid,
1346 3631 1422 3679 qs.

397 3689 453 3738 in
477 3706 650 3739 eorum
671 3708 902 3751 numero3
920 3702 978 3739 ut
998 3691 1210 3739 habeant
1235 3693 1422 3757 aliquid

398 3768 545 3818 etiam
574 3786 707 3819 nunc
743 3770 876 3820 velut
901 3769 1100 3833 reliqui,
1125 3769 1262 3834 quod
1294 3787 1420 3819 non·

400 3847 520 3897 dum
546 3848 834 3908 effuderint,
857 3848 1080 3898 nondum
1101 3851 1420 3899 excusserint.

400 3928 456 3976 si
473 3928 711 3977 ablativus
728 3928 816 3988 sit,
835 3928 972 3993 quod
985 3945 1088 3978 non
1105 3929 1266 3995 placet
1277 3964 1292 3989 ,
1315 3946 1425 3995 snp-

402 4007 554 4070 pleris
568 4025 655 4066 ex,
678 4009 744 4056 in.
757 4031 860 4052 20-
872 4009 997 4057 Utile
1010 4008 1210 4077 obsessis
1226 4009 1422 4074 quidem

399 4084 592 4146 finisset,
605 4089 830 4137 mulieres
845 4089 899 4136 in
912 4105 1073 4138 arcem
1087 4076 1191 4138 non
1202 4088 1393 4138 admitti
1406 4121 1422 4145 ‚

1514 2984 1725 3049 tatisque
1741 3000 1887 3032 sensu
1903 2984 2409 3049 thennim—Magna
2417 2999 2542 3047 pars

1515 3074 1679 3111 tamen
1699 3079 1868 3111 earum
1886 3063 1936 3111 in
1956 3079 2118 3111 arcem
2147 3079 2260 3111 suos
2267 3074 2545 3128 prosecutoe

1512 3154 1627 3190 sunt
1634 3161 1656 3200 ;
1675 3142 1936 3208 legendum
1945 3154 2214 3208 persecuta
2231 3153 2360 3191 sunt.
2375 3144 2540 3192 Rau.

1493 3222 1650 3286 ,quod
1672 3223 1818 3272 etiam
1839 3223 2101 3272 Klockian.
2129 3222 2294 3271 Lovel.
2323 3239 2370 3282 1,
2395 3240 2456 3282 2,
2489 3224 2544 3281 3,

1516 3300 1575 3362 53
1596 3303 1742 3351 Voss.
1769 3302 1943 3362 ambo3
1971 3301 2109 3350 Leid.
2137 3318 2233 3350 sec.
2261 3304 2463 3367 Por-tug-
2491 3313 2541 3349 et

1511 3383 1702 3445 Fragm.
1726 3385 1851 3431 Hav.
1881 3381 2001 3430 alibi
2027 3380 2172 3433 etiam
2192 3379 2420 3446 persequi
2447 3394 2541 3445 pro

1514 3461 1669 3509 verbo
1695 3461 1909 3526 simplici
1925 3460 2092 3526 sequi,
2117 3472 2167 3509 et
2190 3459 2324 3524 apud
2346 3457 2539 3507 Livium

1516 3550 1566 3587 et
1591 3539 1723 3604 apud
1746 3539 1869 3588 alios
1889 3539 2122 3588 occurrit.
2147 3538 2236 3586 En.

1586 3619 1633 3666 3.
1653 3618 1993 3666 communibus
2011 3614 2276 3681 deploraa‘s
2293 3613 2512 3663 consiliis
2525 3650 2540 3675 ,

1512 3695 1627 3743 vide
1652 3697 1717 3743 ad
1735 3698 1840 3758 111,
1866 3697 1932 3743 38
1946 3729 1962 3755 ,
1986 3712 2037 3743 n.
2063 3694 2540 3757 3.——-Exsequenees

1512 3789 1653 3821 suam
1681 3790 1842 3837 spem,
1871 3790 1964 3821 sua
1992 3772 2224 3831 consilia,
2254 3782 2508 3836 sequentes
2521 3810 2538 3833 ,

1510 3869 1574 3900 ex
1596 3851 1659 3899 iis
1685 3863 1910 3915 agentes3
1941 3853 2111 3899 Bauer.
2132 3878 2201 3888 ·-
2225 3851 2424 3914 Quisve,
2452 3853 2534 3901 alii

1511 3931 1729 3996 quisque.
1748 3932 1862 3995 Leg.
1884 3930 2022 3995 quive
2039 3942 2089 3979 et
2108 3930 2300 3995 quique.
2510 3968 2531 3977 -

1585 4018 1633 4065 4.
1653 4009 1862 4058 Condita
1876 4010 1926 4058 in
1941 4009 2133 4059 doliolis
2145 4010 2199 4058 in
2209 4010 2417 4068 sacello,
2438 4023 2533 4060 etc.

1512 4087 1695 4140 Confer
1730 4088 1974 4138 Plutarch.
2002 4089 2056 4138 in
2092 4089 2325 4148 Camillo,
2347 4100 2384 4138 t.
2408 4092 2458 4148 1,
2483 4108 2537 4155 p.
