3000 4717
514 429 652 503 356
1350 428 1426 500 T.
1493 425 1771 499 L1v11
2188 409 2572 523 222233213331

497 556 685 626 'dum
703 551 1066 624 incondita
1085 550 1411 648 quaedam
1425 550 1827 620 militariter
1840 548 2241 644 joculantes
2253 552 2629 646 ,Torquati

507 687 910 762 cognomen
931 660 1257 732 au‘ditum
1277 687 1296 748 ;
1320 659 1760 732 celebratum
1783 657 2042 728 deinde
2064 660 2369 753 posteris
2387 660 2624 747 etiam,

506 773 932 869 familiaeque
959 771 1222 842 honori
1252 768 1410 841 fuit.
1441 771 1765 842 Dictator
1791 793 2133 841 coronam
2173 794 2461 842 auream
2495 770 2626 841 ad-

509 883 689 954 didit
736 881 1013 952 donum
1043 935 1062 969 ,
1112 881 1458 979 mirisque
1511 905 1647 978 pro
1704 881 2052 950 concione
2103 904 2259 950 eam
2307 904 2626 978 pugnam

509 989 843 1062 laudibus
881 989 1064 1060 tulit.
2383 1006 2389 1012 ·

605 1105 725 1170 XI.
758 1102 876 1187 Et,
904 1097 1248 1186 Hercule,
1279 1098 1463 1168 tanti
1499 1121 1583 1168 ea
1613 1096 1703 1167 ad
1739 1098 2051 1168 universi
2086 1099 2257 1171 belli
2288 1115 2628 1171 eventum

515 1209 861 1280 momenti
899 1206 1263 1278 dimicatio
1308 1206 1485 1296 fuit,
1535 1220 1618 1277 ut
1667 1207 2034 1278 Gallorum
2071 1210 2423 1280 exercitus
2459 1234 2630 1306 pro·

513 1322 700 1390 xima
729 1334 940 1391 nocte
960 1375 979 1409 ,
1001 1317 1264 1390 relictis
1282 1318 1562 1416 trepide
1585 1319 1830 1389 castris
1847 1370 1866 1404 ,
1889 1319 1965 1388 in
1989 1317 2333 1390 tiburtem
2357 1344 2631 1415 agrum,

512 1444 727 1527 atque
745 1428 916 1500 inde
928 1482 947 1517 ‚
970 1428 1309 1500 societate
1327 1426 1499 1498 belli
1519 1426 1703 1500 facta
1715 1482 1734 1515 ,
1750 1443 2302 1525 commeatuque
2319 1428 2632 1527 benigne

513 1539 605 1610 ab
634 1537 1054 1610 Tiburtibus
1083 1537 1404 1632 adjutuS,
1437 1561 1612 1608 mox
1649 1539 1724 1607 in
1759 1539 2219 1635 Campaniam
2256 1541 2632 1610 transierit.

512 1655 611 1720 Ea
655 1648 788 1719 fuit
824 1671 1071 1735 causa,
1118 1672 1247 1719 cur
1287 1650 1623 1745 proximo
1661 1673 1852 1719 anno
1889 1652 1969 1719 C.
2003 1647 2339 1720 Poetelius
2374 1648 2634 1720 Balbus

513 1758 802 1848 consul,
840 1782 1070 1857 quum
1096 1756 1385 1855 collegae
1424 1760 1576 1854 ejus
1600 1764 1694 1830 M.
1720 1757 1938 1830 Fabio
1965 1758 2321 1859 Ambusto
2343 1760 2634 1831 Hernici

513 1868 883 1966 provincia
926 1867 1349 1956 evenisset1‚
1387 1866 1729 1939 adversus
1768 1867 2100 1940 Tiburtes
2136 1870 2347 1964 jussu
2384 1869 2635 1967 populi

515 1980 905 2049 exercitum
945 1976 1263 2049 duceret.
1301 1976 1412 2049 Ad
1443 2002 1762 2073 quorum
1799 1979 2144 2050 auxilium
2182 2004 2412 2078 quum
2447 1978 2635 2051 Galli

517 2113 605 2159 ex
625 2090 1014 2188 Campania
1035 2086 1385 2159 redissent
1402 2140 1421 2174 ,
1447 2085 1655 2158 foedae
1680 2089 2183 2185 populationes
2207 2091 2285 2159 in
2312 2089 2634 2160 lavicano

459 2229 463 2234 ’
515 2201 1039 2295 tusculanoque
1074 2212 1146 2269 et
1178 2195 1439 2268 albano
1478 2221 1682 2295 agr0,
1720 2197 1916 2269 haud
1955 2198 2174 2271 dubie
2211 2199 2634 2271 Tiburtibus

516 2306 858 2395 ducibus,
890 2320 1062 2378 sunt
1093 2303 1313 2376 factae.
1346 2309 1475 2393 Et,
1512 2329 1741 2401 quum
1770 2308 2110 2382 adversus
2133 2308 2473 2381 tiburtem
2497 2309 2634 2379 ho-

516 2409 697 2487 stem
740 2413 924 2486 duce
949 2414 1248 2485 consule
1280 2429 1622 2487 contenta
1649 2418 2060 2515 respublica
2090 2434 2310 2505 esset,
2342 2419 2635 2516 gallicus

517 2525 875 2596 tumultus
903 2522 1324 2593 dictatorem
1351 2526 1577 2596 creari
1606 2528 1839 2623 coegit
1859 2554 1874 2595 ε
1894 2542 2173 2599 creatus
2196 2532 2281 2617 Q.
2302 2528 2640 2598 Servilius

518 2634 740 2706 Ahala
778 2637 857 2703 T.
903 2632 1283 2724 Quintium
1325 2635 1748 2730 magistrum
1797 2639 2127 2733 equitum
2167 2639 2386 2722 dixit,
2428 2654 2499 2709 et
2544 2664 2637 2709 ex

517 2747 942 2816 auctoritate
981 2746 1309 2830 Patrum,
1347 2744 1406 2813 si
1446 2768 1795 2842 prospere
1828 2747 1902 2815 id
1936 2745 2209 2817 bellum
2249 2748 2637 2836 evenisset,

518 2854 731 2926 ludos
757 2876 1057 2950 magnos
1089 2853 1308 2922 vovit.
1335 2853 1697 2940 Dictator,
1727 2853 1814 2924 ad
1841 2857 2319 2926 continendos
2341 2857 2642 2954 proprio

519 2964 717 3036 bello
751 2961 1088 3033 Tiburtes
1126 2960 1489 3032 consulari
1529 2964 1846 3033 exercitu
1873 2964 2075 3057 jusso
2119 2990 2447 3053 manere,
2484 2989 2639 3035 om·

520 3101 648 3146 nes
673 3074 1038 3168 junioreS,
1084 3071 1286 3143 nullo
1321 3069 1765 3142 detrectante
1798 3073 2123 3143 militiam
2143 3130 2161 3163 ,
2192 3089 2639 3146 sacramento

521 3182 779 3279 adegit.
804 3186 1209 3278 Pugnatum
1237 3179 1430 3250 haud
1461 3181 1720 3278 procul
1743 3196 1954 3278 porta
1979 3183 2260 3254 Collina
2285 3199 2388 3255 est
2415 3185 2642 3254 totius

519 3289 791 3360 viribus
827 3287 1082 3375 Urbis,
1126 3289 1202 3356 in
1243 3304 1640 3386 conspectu
1677 3305 2061 3387 parentum
2097 3294 2638 3392 conjugumque

521 3425 603 3471 ac
631 3396 1027 3470 liberorum
1061 3424 1077 3468 ε
1107 3421 1268 3493 quae
1304 3423 1598 3495 magna,
1645 3401 1860 3470 etiam
1902 3400 2362 3493 absentibus,
2391 3404 2640 3482 horta-

522 3523 762 3582 menta
797 3509 1047 3594 animi,
1096 3521 1252 3576 tum
1290 3506 1611 3603 subjecta
1652 3511 1911 3599 oculiS,
1965 3513 2173 3583 simul
2208 3512 2642 3585 verecundia

521 3614 1150 3712 misericordiaque
1189 3616 1489 3687 militem
1539 3617 2043 3692 accendebant.
2084 3628 2340 3720 Magna
2382 3624 2642 3694 utrim-

524 3753 664 3825 que
681 3726 872 3799 edita
895 3725 1085 3801 caede
1104 3779 1123 3813 ,
1148 3727 1495 3798 avertitur
1513 3721 1802 3800 tandem
1825 3731 2010 3802 acies
2030 3732 2424 3803 Gallorum.
2446 3738 2641 3826 Fuga

523 3919 648 3966 inter
668 3920 946 3983 joculantes
982 3917 1255 3964 militariter
1289 3916 1541 3964 incondita
1699 3920 1821 3968 Car.
1843 3921 1935 3967 11.
1954 3936 1998 3968 1.
2012 3922 2163 3970 Fabio
2175 3922 2375 3970 Hernici
2378 3921 2640 3986 provincia

526 3996 752 4059 quoedam
785 4010 943 4059 prope
990 3995 1259 4042 carminum
1306 3997 1503 4044 modum
1520 4030 1537 4052 ,
1629 3999 1876 4055 evenisset,
1897 3998 2011 4047 vide
2024 4000 2087 4046 ad
2102 4003 2153 4047 11
2165 4035 2179 4059 ,
2197 4008 2284 4058 4ο,
2302 4007 2353 4047 'n.
2366 4015 2416 4061 9.
2429 4027 2498 4037 —
2515 4000 2639 4047 Gal·

525 4073 749 4135 proxime
792 4087 1021 4119 versuum
1068 4072 1311 4119 modulos.
1360 4074 1544 4122 Confer
1629 4076 1747 4123 licus
1770 4078 2020 4133 tumultus,
2055 4076 2168 4125 vide
2195 4078 2258 4125 ad
2280 4080 2353 4136 11,
2380 4080 2474 4138 26,
2497 4096 2546 4126 n.
2572 4094 2594 4124 t
2622 4097 2637 4136 ;

528 4164 670 4212 supra
690 4149 753 4194 ad
771 4163 877 4210 cap.
902 4162 960 4206 2,
984 4163 1035 4193 η·
1060 4149 1115 4206 32
1144 4156 1200 4206 4,
1219 4160 1267 4195 et
1281 4149 1330 4196 6.
1631 4163 1680 4202 et
1699 4151 1844 4220 supra
1873 4170 1979 4218 cap.
2007 4172 2067 4218 9,
2096 4167 2202 4205 not.
2230 4157 2258 4203 3
2287 4167 2410 4203 extr.
