<?xml version="1.0" encoding="UTF-8"?>
<!DOCTYPE html PUBLIC "-//W3C//DTD XHTML 1.0 Transitional//EN"
    "http://www.w3.org/TR/xhtml1/DTD/xhtml1-transitional.dtd">
<html xmlns="http://www.w3.org/1999/xhtml" xml:lang="en" lang="en">
 <head>
  <title>
</title>
<meta http-equiv="Content-Type" content="text/html;charset=utf-8" />
  <meta name='ocr-system' content='tesseract 3.04.00' />
  <meta name='ocr-capabilities' content='ocr_page ocr_carea ocr_par ocr_line ocrx_word'/>
</head>
<body>
  <div class='ocr_page' id='page_1' title='image "./titusliviuspata00unkngoog_0081.png"; bbox 0 0 3000 4717; ppageno 0'>
   <div class='ocr_carea' id='block_1_1' title="bbox 350 308 2523 2978">
    <p class='ocr_par' dir='ltr' id='par_1_1' title="bbox 350 308 2523 2978">
     <span class='ocr_line' id='line_1_1' title="bbox 452 308 2508 430; baseline -0.002 -20"><span class='ocrx_word' id='word_1_1' title='bbox 452 308 574 409; x_wconf 63' lang='grc' dir='ltr'><em>ῧῖὲῖ</em></span> <span class='ocrx_word' id='word_1_2' title='bbox 601 308 825 421; x_wconf 67' lang='grc' dir='ltr'><strong>ἒίξῖξέἶῖ</strong></span> <span class='ocrx_word' id='word_1_3' title='bbox 873 331 1067 400; x_wconf 86' lang='lat' dir='ltr'><em>LIB.</em></span> <span class='ocrx_word' id='word_1_4' title='bbox 1121 332 1261 402; x_wconf 87' lang='lat' dir='ltr'><em>IV.</em></span> <span class='ocrx_word' id='word_1_5' title='bbox 1317 333 1532 401; x_wconf 87' lang='lat' dir='ltr'><em>CAP.</em></span> <span class='ocrx_word' id='word_1_6' title='bbox 1588 334 1908 402; x_wconf 83' lang='lat' dir='ltr'><strong>xxxv.</strong></span> <span class='ocrx_word' id='word_1_7' title='bbox 1961 337 2327 405; x_wconf 81' lang='lat' dir='ltr'><strong>xxxvl.</strong></span> <span class='ocrx_word' id='word_1_8' title='bbox 2415 332 2508 430; x_wconf 81' lang='lat'><em>73</em></span> 
     </span>
     <span class='ocr_line' id='line_1_2' title="bbox 379 437 2508 549; baseline 0.002 -28"><span class='ocrx_word' id='word_1_9' title='bbox 379 449 808 548; x_wconf 83' lang='lat' dir='ltr'><em>periendam</em></span> <span class='ocrx_word' id='word_1_10' title='bbox 848 450 1336 549; x_wconf 80' lang='lat' dir='ltr'><em>remdenique</em></span> <span class='ocrx_word' id='word_1_11' title='bbox 1383 457 1455 523; x_wconf 90' lang='lat' dir='ltr'><em>in</em></span> <span class='ocrx_word' id='word_1_12' title='bbox 1490 477 1639 523; x_wconf 92' lang='lat' dir='ltr'><em>uno</em></span> <span class='ocrx_word' id='word_1_13' title='bbox 1680 467 1817 536; x_wconf 87' lang='lat' dir='ltr'><em>aut</em></span> <span class='ocrx_word' id='word_1_14' title='bbox 1846 451 2071 525; x_wconf 84' lang='lat' dir='ltr'><em>altero</em></span> <span class='ocrx_word' id='word_1_15' title='bbox 2105 437 2286 541; x_wconf 75' lang='lat' dir='ltr'><em>esse,</em></span> <span class='ocrx_word' id='word_1_16' title='bbox 2329 460 2508 526; x_wconf 88' lang='lat' dir='ltr'><em>sitne</em></span> 
     </span>
     <span class='ocr_line' id='line_1_3' title="bbox 395 560 2508 663; baseline 0.003 -33"><span class='ocrx_word' id='word_1_17' title='bbox 395 560 662 658; x_wconf 85' lang='lat' dir='ltr'><em>aliquis</em></span> <span class='ocrx_word' id='word_1_18' title='bbox 698 560 1031 659; x_wconf 84' lang='lat' dir='ltr'><em>plebeius</em></span> <span class='ocrx_word' id='word_1_19' title='bbox 1055 563 1371 653; x_wconf 85' lang='lat' dir='ltr'><em>ferendo</em></span> <span class='ocrx_word' id='word_1_20' title='bbox 1412 588 1675 660; x_wconf 82' lang='lat' dir='ltr'><em>magno</em></span> <span class='ocrx_word' id='word_1_21' title='bbox 1710 563 1975 633; x_wconf 80' lang='lat' dir='ltr'><em>honori</em></span> <span class='ocrx_word' id='word_1_22' title='bbox 1988 593 2015 650; x_wconf 85' lang='lat'><em>,-</em></span> <span class='ocrx_word' id='word_1_23' title='bbox 2055 589 2153 633; x_wconf 92' lang='lat' dir='ltr'><em>an</em></span> <span class='ocrx_word' id='word_1_24' title='bbox 2172 581 2508 663; x_wconf 83' lang='lat' dir='ltr'><em>portento</em></span> 
     </span>
     <span class='ocr_line' id='line_1_4' title="bbox 393 671 2514 770; baseline 0.002 -29"><span class='ocrx_word' id='word_1_25' title='bbox 393 671 625 741; x_wconf 89' lang='lat' dir='ltr'><em>simile</em></span> <span class='ocrx_word' id='word_1_26' title='bbox 649 671 1144 770; x_wconf 85' lang='lat' dir='ltr'><em>miraculoque</em></span> <span class='ocrx_word' id='word_1_27' title='bbox 1173 679 1294 760; x_wconf 88' lang='lat' dir='ltr'><em>sit,</em></span> <span class='ocrx_word' id='word_1_28' title='bbox 1302 675 1579 764; x_wconf 85' lang='lat' dir='ltr'><em>fortem</em></span> <span class='ocrx_word' id='word_1_29' title='bbox 1608 699 1698 744; x_wconf 89' lang='lat' dir='ltr'><em>ac</em></span> <span class='ocrx_word' id='word_1_30' title='bbox 1721 690 2088 745; x_wconf 89' lang='lat' dir='ltr'><em>strenuum</em></span> <span class='ocrx_word' id='word_1_31' title='bbox 2120 681 2358 745; x_wconf 83' lang='lat' dir='ltr'><em>virum</em></span> <span class='ocrx_word' id='word_1_32' title='bbox 2385 675 2514 746; x_wconf 85' lang='lat' dir='ltr'><em>ali·</em></span> 
     </span>
     <span class='ocr_line' id='line_1_5' title="bbox 397 783 2508 883; baseline 0.004 -34"><span class='ocrx_word' id='word_1_33' title='bbox 397 805 616 877; x_wconf 85' lang='lat' dir='ltr'><em>quem</em></span> <span class='ocrx_word' id='word_1_34' title='bbox 650 788 986 854; x_wconf 76' lang='lat' dir='ltr'><em>exsistere</em></span> <span class='ocrx_word' id='word_1_35' title='bbox 1016 799 1252 854; x_wconf 89' lang='lat' dir='ltr'><em>ortum</em></span> <span class='ocrx_word' id='word_1_36' title='bbox 1295 783 1646 883; x_wconf 80' lang='lat' dir='ltr'><em>explebe.</em></span> <span class='ocrx_word' id='word_1_37' title='bbox 1691 787 1990 855; x_wconf 87' lang='lat' dir='ltr'><em>Summa</em></span> <span class='ocrx_word' id='word_1_38' title='bbox 2030 789 2113 855; x_wconf 83' lang='lat' dir='ltr'><em>vi</em></span> <span class='ocrx_word' id='word_1_39' title='bbox 2142 810 2508 882; x_wconf 77' lang='lat' dir='ltr'><em>expugna-</em></span> 
     </span>
     <span class='ocr_line' id='line_1_6' title="bbox 396 892 2512 993; baseline 0.002 -31"><span class='ocrx_word' id='word_1_40' title='bbox 396 904 545 962; x_wconf 87' lang='lat' dir='ltr'><em>tum</em></span> <span class='ocrx_word' id='word_1_41' title='bbox 588 917 765 981; x_wconf 84' lang='lat' dir='ltr'><em>esse,</em></span> <span class='ocrx_word' id='word_1_42' title='bbox 800 909 881 964; x_wconf 90' lang='lat' dir='ltr'><em>ut</em></span> <span class='ocrx_word' id='word_1_43' title='bbox 911 892 1178 965; x_wconf 87' lang='lat' dir='ltr'><em>tribuni</em></span> <span class='ocrx_word' id='word_1_44' title='bbox 1218 896 1525 966; x_wconf 84' lang='lat' dir='ltr'><em>militum</em></span> <span class='ocrx_word' id='word_1_45' title='bbox 1556 894 1920 967; x_wconf 85' lang='lat' dir='ltr'><em>consulari</em></span> <span class='ocrx_word' id='word_1_46' title='bbox 1929 911 2291 993; x_wconf 79' lang='lat' dir='ltr'><em>potestate</em></span> <span class='ocrx_word' id='word_1_47' title='bbox 2319 911 2389 964; x_wconf 93' lang='lat' dir='ltr'><em>et</em></span> <span class='ocrx_word' id='word_1_48' title='bbox 2415 921 2512 966; x_wconf 79' lang='lat' dir='ltr'><em>ex</em></span> 
     </span>
     <span class='ocr_line' id='line_1_7' title="bbox 379 1000 2512 1103; baseline 0.003 -35"><span class='ocrx_word' id='word_1_49' title='bbox 379 1000 605 1097; x_wconf 84' lang='lat' dir='ltr'><em>plebe</em></span> <span class='ocrx_word' id='word_1_50' title='bbox 645 1020 1056 1076; x_wconf 81' lang='lat' dir='ltr'><em>crearentur</em></span> <span class='ocrx_word' id='word_1_51' title='bbox 1088 1034 1109 1076; x_wconf 91' lang='lat'><em>.·</em></span> <span class='ocrx_word' id='word_1_52' title='bbox 1129 1012 1393 1103; x_wconf 84' lang='lat' dir='ltr'><em>petisse</em></span> <span class='ocrx_word' id='word_1_53' title='bbox 1425 1012 1629 1078; x_wconf 80' lang='lat' dir='ltr'><em>viros</em></span> <span class='ocrx_word' id='word_1_54' title='bbox 1672 1007 1879 1077; x_wconf 89' lang='lat' dir='ltr'><em>domi</em></span> <span class='ocrx_word' id='word_1_55' title='bbox 1908 1005 2323 1103; x_wconf 69' lang='lat' dir='ltr'><em>militiaeque</em></span> <span class='ocrx_word' id='word_1_56' title='bbox 2353 1031 2512 1101; x_wconf 82' lang='lat' dir='ltr'><em>spe-</em></span> 
     </span>
     <span class='ocr_line' id='line_1_8' title="bbox 398 1116 2517 1215; baseline 0.004 -36"><span class='ocrx_word' id='word_1_57' title='bbox 398 1124 624 1182; x_wconf 85' lang='lat' dir='ltr'><em>ctatos</em></span> <span class='ocrx_word' id='word_1_58' title='bbox 642 1119 926 1210; x_wconf 86' lang='lat' dir='ltr'><em>:primis</em></span> <span class='ocrx_word' id='word_1_59' title='bbox 952 1119 1159 1186; x_wconf 88' lang='lat' dir='ltr'><em>annis</em></span> <span class='ocrx_word' id='word_1_60' title='bbox 1177 1116 1552 1214; x_wconf 80' lang='lat' dir='ltr'><em>sugillatos</em></span> <span class='ocrx_word' id='word_1_61' title='bbox 1572 1171 1591 1205; x_wconf 92' lang='lat'><em>,</em></span> <span class='ocrx_word' id='word_1_62' title='bbox 1613 1116 1932 1215; x_wconf 79' lang='lat' dir='ltr'><em>repulso-5</em></span> <span class='ocrx_word' id='word_1_63' title='bbox 1944 1144 1967 1201; x_wconf 92' lang='lat'><em>,·</em></span> <span class='ocrx_word' id='word_1_64' title='bbox 1993 1122 2166 1187; x_wconf 88' lang='lat' dir='ltr'><em>risui</em></span> <span class='ocrx_word' id='word_1_65' title='bbox 2176 1116 2517 1213; x_wconf 84' lang='lat' dir='ltr'><em>patribus</em></span> 
     </span>
     <span class='ocr_line' id='line_1_9' title="bbox 370 1219 2513 1324; baseline 0.003 -35"><span class='ocrx_word' id='word_1_66' title='bbox 370 1219 649 1310; x_wconf 68' lang='lat' dir='ltr'><em>fhcsse5</em></span> <span class='ocrx_word' id='word_1_67' title='bbox 687 1223 945 1296; x_wconf 76' lang='lat' dir='ltr'><em>desisse</em></span> <span class='ocrx_word' id='word_1_68' title='bbox 969 1241 1335 1323; x_wconf 77' lang='lat' dir='ltr'><em>postremo</em></span> <span class='ocrx_word' id='word_1_69' title='bbox 1359 1227 1694 1324; x_wconf 77' lang='lat' dir='ltr'><em>prce-bere</em></span> <span class='ocrx_word' id='word_1_70' title='bbox 1729 1227 1836 1296; x_wconf 91' lang='lat' dir='ltr'><em>ad</em></span> <span class='ocrx_word' id='word_1_71' title='bbox 1857 1224 2363 1297; x_wconf 86' lang='lat' dir='ltr'><em>contumeliam</em></span> <span class='ocrx_word' id='word_1_72' title='bbox 2390 1251 2471 1298; x_wconf 92' lang='lat' dir='ltr'><em>os</em></span> <span class='ocrx_word' id='word_1_73' title='bbox 2491 1254 2513 1295; x_wconf 82' lang='lat'><em>.-</em></span> 
     </span>
     <span class='ocr_line' id='line_1_10' title="bbox 399 1334 2523 1432; baseline 0.005 -35"><span class='ocrx_word' id='word_1_74' title='bbox 399 1354 530 1401; x_wconf 87' lang='lat' dir='ltr'><em>nee</em></span> <span class='ocrx_word' id='word_1_75' title='bbox 557 1356 632 1401; x_wconf 85' lang='lat' dir='ltr'><em>se</em></span> <span class='ocrx_word' id='word_1_76' title='bbox 668 1334 951 1424; x_wconf 81' lang='lat' dir='ltr'><em>videre,</em></span> <span class='ocrx_word' id='word_1_77' title='bbox 989 1362 1120 1407; x_wconf 86' lang='lat' dir='ltr'><em>eur</em></span> <span class='ocrx_word' id='word_1_78' title='bbox 1146 1362 1294 1407; x_wconf 92' lang='lat' dir='ltr'><em>non</em></span> <span class='ocrx_word' id='word_1_79' title='bbox 1338 1336 1461 1407; x_wconf 73' lang='lat' dir='ltr'><em>lex</em></span> <span class='ocrx_word' id='word_1_80' title='bbox 1488 1361 1781 1432; x_wconf 82' lang='lat' dir='ltr'><em>quoque</em></span> <span class='ocrx_word' id='word_1_81' title='bbox 1818 1335 2228 1432; x_wconf 78' lang='lat' dir='ltr'><em>abrogetur,</em></span> <span class='ocrx_word' id='word_1_82' title='bbox 2261 1362 2410 1431; x_wconf 84' lang='lat' dir='ltr'><em>qua</em></span> <span class='ocrx_word' id='word_1_83' title='bbox 2442 1337 2523 1407; x_wconf 90' lang='lat' dir='ltr'><em>id</em></span> 
     </span>
     <span class='ocr_line' id='line_1_11' title="bbox 398 1437 2517 1545; baseline 0.004 -37"><span class='ocrx_word' id='word_1_84' title='bbox 398 1437 636 1529; x_wconf 81' lang='lat' dir='ltr'><em>liceat,</em></span> <span class='ocrx_word' id='word_1_85' title='bbox 670 1446 877 1541; x_wconf 86' lang='lat' dir='ltr'><em>quod</em></span> <span class='ocrx_word' id='word_1_86' title='bbox 897 1472 1296 1545; x_wconf 87' lang='lat' dir='ltr'><em>numquam</em></span> <span class='ocrx_word' id='word_1_87' title='bbox 1305 1449 1652 1534; x_wconf 80' lang='lat' dir='ltr'><em>futurum</em></span> <span class='ocrx_word' id='word_1_88' title='bbox 1679 1450 1769 1517; x_wconf 91' lang='lat' dir='ltr'><em>sit</em></span> <span class='ocrx_word' id='word_1_89' title='bbox 1791 1474 1812 1515; x_wconf 92' lang='lat'><em>.·</em></span> <span class='ocrx_word' id='word_1_90' title='bbox 1838 1453 2177 1517; x_wconf 81' lang='lat' dir='ltr'><em>minorem</em></span> <span class='ocrx_word' id='word_1_91' title='bbox 2202 1441 2517 1544; x_wconf 80' lang='lat' dir='ltr'><em>⁵quippe</em></span> 
     </span>
     <span class='ocr_line' id='line_1_12' title="bbox 398 1550 2516 1655; baseline 0.004 -37"><span class='ocrx_word' id='word_1_92' title='bbox 398 1550 735 1624; x_wconf 85' lang='lat' dir='ltr'><em>ruborem</em></span> <span class='ocrx_word' id='word_1_93' title='bbox 747 1556 928 1643; x_wconf 87' lang='lat' dir='ltr'><em>fore</em></span> <span class='ocrx_word' id='word_1_94' title='bbox 954 1563 1026 1627; x_wconf 92' lang='lat' dir='ltr'><em>in</em></span> <span class='ocrx_word' id='word_1_95' title='bbox 1038 1558 1231 1652; x_wconf 88' lang='lat' dir='ltr'><em>juris</em></span> <span class='ocrx_word' id='word_1_96' title='bbox 1264 1564 1664 1653; x_wconf 79' lang='lat' dir='ltr'><em>iniquitate,</em></span> <span class='ocrx_word' id='word_1_97' title='bbox 1693 1582 1914 1655; x_wconf 87' lang='lat' dir='ltr'><em>quam</em></span> <span class='ocrx_word' id='word_1_98' title='bbox 1950 1562 2015 1628; x_wconf 90' lang='lat' dir='ltr'><em>si</em></span> <span class='ocrx_word' id='word_1_99' title='bbox 2027 1581 2177 1655; x_wconf 85' lang='lat' dir='ltr'><em>per</em></span> <span class='ocrx_word' id='word_1_100' title='bbox 2206 1555 2516 1655; x_wconf 75' lang='lat' dir='ltr'><em>indigni-</em></span> 
     </span>
     <span class='ocr_line' id='line_1_13' title="bbox 398 1667 1552 1762; baseline 0.01 -36"><span class='ocrx_word' id='word_1_101' title='bbox 398 1671 618 1729; x_wconf 82' lang='lat' dir='ltr'><em>tatem</em></span> <span class='ocrx_word' id='word_1_102' title='bbox 662 1667 980 1758; x_wconf 84' lang='lat' dir='ltr'><em>ipsorum</em></span> <span class='ocrx_word' id='word_1_103' title='bbox 999 1682 1552 1762; x_wconf 68' lang='lat' dir='ltr'><em>praetereantur.</em></span> 
     </span>
     <span class='ocr_line' id='line_1_14' title="bbox 494 1774 2515 1875; baseline 0.005 -37"><span class='ocrx_word' id='word_1_104' title='bbox 494 1774 814 1842; x_wconf 87' lang='lat' dir='ltr'>XXXVI.</span> <span class='ocrx_word' id='word_1_105' title='bbox 853 1775 1082 1869; x_wconf 82' lang='lat' dir='ltr'><em>Hujus</em></span> <span class='ocrx_word' id='word_1_106' title='bbox 1113 1779 1392 1875; x_wconf 86' lang='lat' dir='ltr'><em>generis</em></span> <span class='ocrx_word' id='word_1_107' title='bbox 1426 1778 1822 1867; x_wconf 80' lang='lat' dir='ltr'><em>orationeS,</em></span> <span class='ocrx_word' id='word_1_108' title='bbox 1853 1802 2019 1849; x_wconf 88' lang='lat' dir='ltr'><em>eum</em></span> <span class='ocrx_word' id='word_1_109' title='bbox 2058 1801 2348 1848; x_wconf 85' lang='lat' dir='ltr'><em>assensu</em></span> <span class='ocrx_word' id='word_1_110' title='bbox 2386 1802 2515 1848; x_wconf 84' lang='lat' dir='ltr'><em>au-</em></span> 
     </span>
     <span class='ocr_line' id='line_1_15' title="bbox 350 1876 2516 1987; baseline 0.006 -41"><span class='ocrx_word' id='word_1_111' title='bbox 350 1949 355 1956; x_wconf 67' lang='lat'><em>,</em></span> <span class='ocrx_word' id='word_1_112' title='bbox 399 1876 601 1969; x_wconf 83' lang='lat' dir='ltr'><em>ditae,</em></span> <span class='ocrx_word' id='word_1_113' title='bbox 648 1883 1034 1957; x_wconf 84' lang='lat' dir='ltr'><em>incitavere</em></span> <span class='ocrx_word' id='word_1_114' title='bbox 1081 1888 1433 1984; x_wconf 86' lang='lat' dir='ltr'><em>quosdam</em></span> <span class='ocrx_word' id='word_1_115' title='bbox 1477 1888 1569 1959; x_wconf 84' lang='lat' dir='ltr'><em>ad</em></span> <span class='ocrx_word' id='word_1_116' title='bbox 1624 1889 2020 1987; x_wconf 87' lang='lat' dir='ltr'><em>petendum</em></span> <span class='ocrx_word' id='word_1_117' title='bbox 2066 1886 2516 1959; x_wconf 85' lang='lat' dir='ltr'><em>tribunatum</em></span> 
     </span>
     <span class='ocr_line' id='line_1_16' title="bbox 394 1988 2514 2098; baseline 0.008 -42"><span class='ocrx_word' id='word_1_118' title='bbox 394 1988 708 2061; x_wconf 86' lang='lat' dir='ltr'><em>militum</em></span> <span class='ocrx_word' id='word_1_119' title='bbox 728 2049 748 2082; x_wconf 87' lang='lat'>‚</span> <span class='ocrx_word' id='word_1_120' title='bbox 786 1995 1004 2065; x_wconf 85' lang='lat' dir='ltr'><em>alium</em></span> <span class='ocrx_word' id='word_1_121' title='bbox 1045 1999 1177 2068; x_wconf 82' lang='lat' dir='ltr'><em>alia</em></span> <span class='ocrx_word' id='word_1_122' title='bbox 1227 1999 1318 2069; x_wconf 89' lang='lat' dir='ltr'><em>de</em></span> <span class='ocrx_word' id='word_1_123' title='bbox 1365 2001 1765 2072; x_wconf 88' lang='lat' dir='ltr'><em>commodis</em></span> <span class='ocrx_word' id='word_1_124' title='bbox 1809 2000 2038 2098; x_wconf 90' lang='lat' dir='ltr'><em>plebis</em></span> <span class='ocrx_word' id='word_1_125' title='bbox 2079 2001 2395 2071; x_wconf 87' lang='lat' dir='ltr'><em>laturum</em></span> <span class='ocrx_word' id='word_1_126' title='bbox 2440 2025 2514 2073; x_wconf 90' lang='lat' dir='ltr'><em>se</em></span> 
     </span>
     <span class='ocr_line' id='line_1_17' title="bbox 393 2097 2519 2208; baseline 0.008 -43"><span class='ocrx_word' id='word_1_127' title='bbox 393 2097 473 2167; x_wconf 86' lang='lat' dir='ltr'><em>in</em></span> <span class='ocrx_word' id='word_1_128' title='bbox 504 2102 917 2197; x_wconf 81' lang='lat' dir='ltr'><em>magistratu</em></span> <span class='ocrx_word' id='word_1_129' title='bbox 953 2106 1470 2208; x_wconf 54' lang='lat' dir='ltr'><em>profitentemf</em></span> <span class='ocrx_word' id='word_1_130' title='bbox 1512 2111 1660 2207; x_wconf 80' lang='lat' dir='ltr'><em>agri</em></span> <span class='ocrx_word' id='word_1_131' title='bbox 1694 2109 1964 2208; x_wconf 86' lang='lat' dir='ltr'><em>publici</em></span> <span class='ocrx_word' id='word_1_132' title='bbox 2005 2108 2372 2181; x_wconf 84' lang='lat' dir='ltr'><em>dividendi</em></span> <span class='ocrx_word' id='word_1_133' title='bbox 2409 2136 2519 2182; x_wconf 89' lang='lat' dir='ltr'><em>co·</em></span> 
     </span>
     <span class='ocr_line' id='line_1_18' title="bbox 394 2207 2516 2315; baseline 0.005 -37"><span class='ocrx_word' id='word_1_134' title='bbox 394 2207 902 2308; x_wconf 86' lang='lat' dir='ltr'><em>loniarumque</em></span> <span class='ocrx_word' id='word_1_135' title='bbox 929 2214 1519 2290; x_wconf 83' lang='lat' dir='ltr'><em>deducendarum</em></span> <span class='ocrx_word' id='word_1_136' title='bbox 1555 2232 1927 2289; x_wconf 77' lang='lat' dir='ltr'><em>ostentatae</em></span> <span class='ocrx_word' id='word_1_137' title='bbox 1959 2242 2121 2315; x_wconf 91' lang='lat' dir='ltr'><em>spes</em></span> <span class='ocrx_word' id='word_1_138' title='bbox 2143 2244 2168 2306; x_wconf 91' lang='lat'><em>;·</em></span> <span class='ocrx_word' id='word_1_139' title='bbox 2195 2233 2267 2288; x_wconf 92' lang='lat' dir='ltr'><em>et</em></span> <span class='ocrx_word' id='word_1_140' title='bbox 2294 2221 2516 2290; x_wconf 88' lang='lat' dir='ltr'><em>vecti-</em></span> 
     </span>
     <span class='ocr_line' id='line_1_19' title="bbox 395 2320 2517 2427; baseline 0.007 -39"><span class='ocrx_word' id='word_1_141' title='bbox 395 2320 533 2416; x_wconf 86' lang='lat' dir='ltr'><em>gali</em></span> <span class='ocrx_word' id='word_1_142' title='bbox 577 2325 1106 2419; x_wconf 85' lang='lat' dir='ltr'><em>possessoribus</em></span> <span class='ocrx_word' id='word_1_143' title='bbox 1158 2353 1496 2427; x_wconf 84' lang='lat' dir='ltr'><em>agrorum</em></span> <span class='ocrx_word' id='word_1_144' title='bbox 1541 2329 1880 2427; x_wconf 88' lang='lat' dir='ltr'><em>imposito</em></span> <span class='ocrx_word' id='word_1_145' title='bbox 1902 2384 1921 2418; x_wconf 88' lang='lat'>‚</span> <span class='ocrx_word' id='word_1_146' title='bbox 1960 2329 2036 2399; x_wconf 91' lang='lat' dir='ltr'><em>in</em></span> <span class='ocrx_word' id='word_1_147' title='bbox 2075 2328 2517 2427; x_wconf 88' lang='lat' dir='ltr'><em>stipendium</em></span> 
     </span>
     <span class='ocr_line' id='line_1_20' title="bbox 395 2431 2515 2539; baseline 0.006 -40"><span class='ocrx_word' id='word_1_148' title='bbox 395 2431 703 2503; x_wconf 89' lang='lat' dir='ltr'><em>militum</em></span> <span class='ocrx_word' id='word_1_149' title='bbox 756 2439 1100 2534; x_wconf 87' lang='lat' dir='ltr'><em>erogandi</em></span> <span class='ocrx_word' id='word_1_150' title='bbox 1143 2441 1316 2512; x_wconf 75' lang='lat' dir='ltr'><em>aeris,</em></span> <span class='ocrx_word' id='word_1_151' title='bbox 1379 2445 1762 2538; x_wconf 83' lang='lat' dir='ltr'><em>Captatum</em></span> <span class='ocrx_word' id='word_1_152' title='bbox 1801 2440 2063 2512; x_wconf 89' lang='lat' dir='ltr'><em>deinde</em></span> <span class='ocrx_word' id='word_1_153' title='bbox 2095 2453 2385 2539; x_wconf 48' lang='lat' dir='ltr'><em>‘tempus</em></span> <span class='ocrx_word' id='word_1_154' title='bbox 2422 2440 2515 2512; x_wconf 82' lang='lat' dir='ltr'><em>ab</em></span> 
     </span>
     <span class='ocr_line' id='line_1_21' title="bbox 393 2540 2519 2648; baseline 0.007 -40"><span class='ocrx_word' id='word_1_155' title='bbox 393 2540 706 2614; x_wconf 76' lang='lat' dir='ltr'><em>tribunis</em></span> <span class='ocrx_word' id='word_1_156' title='bbox 759 2547 1107 2639; x_wconf 84' lang='lat' dir='ltr'><em>militum,</em></span> <span class='ocrx_word' id='word_1_157' title='bbox 1141 2574 1290 2645; x_wconf 91' lang='lat' dir='ltr'><em>quo</em></span> <span class='ocrx_word' id='word_1_158' title='bbox 1341 2575 1473 2648; x_wconf 87' lang='lat' dir='ltr'><em>per</em></span> <span class='ocrx_word' id='word_1_159' title='bbox 1494 2562 1516 2592; x_wconf 86' lang='lat'>¹</span> <span class='ocrx_word' id='word_1_160' title='bbox 1558 2550 1946 2624; x_wconf 85' lang='lat' dir='ltr'><em>discessum</em></span> <span class='ocrx_word' id='word_1_161' title='bbox 1995 2552 2378 2622; x_wconf 88' lang='lat' dir='ltr'><em>hominum</em></span> <span class='ocrx_word' id='word_1_162' title='bbox 2421 2551 2519 2622; x_wconf 84' lang='lat' dir='ltr'><em>ab</em></span> 
     </span>
     <span class='ocr_line' id='line_1_22' title="bbox 393 2649 2516 2750; baseline 0.007 -30"><span class='ocrx_word' id='word_1_163' title='bbox 393 2649 580 2736; x_wconf 81' lang='lat' dir='ltr'><em>urbe</em></span> <span class='ocrx_word' id='word_1_164' title='bbox 597 2708 617 2742; x_wconf 86' lang='lat'><em>,</em></span> <span class='ocrx_word' id='word_1_165' title='bbox 643 2679 872 2750; x_wconf 90' lang='lat' dir='ltr'><em>quum</em></span> <span class='ocrx_word' id='word_1_166' title='bbox 897 2662 1135 2729; x_wconf 84' lang='lat' dir='ltr'><em>Patres</em></span> <span class='ocrx_word' id='word_1_167' title='bbox 1163 2659 1606 2732; x_wconf 85' lang='lat' dir='ltr'><em>clandestina</em></span> <span class='ocrx_word' id='word_1_168' title='bbox 1624 2660 2171 2736; x_wconf 81' lang='lat' dir='ltr'><em>denuntiatione</em></span> <span class='ocrx_word' id='word_1_169' title='bbox 2198 2665 2516 2734; x_wconf 83' lang='lat' dir='ltr'><em>revocati</em></span> 
     </span>
     <span class='ocr_line' id='line_1_23' title="bbox 390 2761 2516 2860; baseline 0.007 -31"><span class='ocrx_word' id='word_1_170' title='bbox 390 2761 486 2838; x_wconf 70' lang='lat' dir='ltr'><em>ad</em></span> <span class='ocrx_word' id='word_1_171' title='bbox 520 2762 712 2833; x_wconf 88' lang='lat' dir='ltr'><em>diem</em></span> <span class='ocrx_word' id='word_1_172' title='bbox 744 2780 1011 2836; x_wconf 85' lang='lat' dir='ltr'><em>certam</em></span> <span class='ocrx_word' id='word_1_173' title='bbox 1046 2783 1283 2839; x_wconf 87' lang='lat' dir='ltr'><em>essent</em></span> <span class='ocrx_word' id='word_1_174' title='bbox 1303 2823 1323 2857; x_wconf 87' lang='lat'><em>,</em></span> <span class='ocrx_word' id='word_1_175' title='bbox 1352 2785 1643 2841; x_wconf 85' lang='lat' dir='ltr'><em>senatus</em></span> <span class='ocrx_word' id='word_1_176' title='bbox 1670 2772 2086 2844; x_wconf 89' lang='lat' dir='ltr'><em>consultum</em></span> <span class='ocrx_word' id='word_1_177' title='bbox 2108 2771 2314 2844; x_wconf 89' lang='lat' dir='ltr'><em>fieret</em></span> <span class='ocrx_word' id='word_1_178' title='bbox 2340 2827 2360 2860; x_wconf 91' lang='lat'><em>,</em></span> <span class='ocrx_word' id='word_1_179' title='bbox 2394 2772 2516 2843; x_wconf 83' lang='lat' dir='ltr'><em>ab·</em></span> 
     </span>
     <span class='ocr_line' id='line_1_24' title="bbox 390 2871 2512 2978; baseline 0.004 -35"><span class='ocrx_word' id='word_1_180' title='bbox 390 2871 1058 2950; x_wconf 83' lang='lat' dir='ltr'><em>sentibus·tribunis</em></span> <span class='ocrx_word' id='word_1_181' title='bbox 1077 2889 1105 2919; x_wconf 79' lang='lat'>²</span> <span class='ocrx_word' id='word_1_182' title='bbox 1133 2877 1327 2976; x_wconf 83' lang='lat' dir='ltr'><em>plebi</em></span> <span class='ocrx_word' id='word_1_183' title='bbox 1348 2905 1368 2967; x_wconf 82' lang='lat'><em>3</em></span> <span class='ocrx_word' id='word_1_184' title='bbox 1395 2894 1478 2950; x_wconf 92' lang='lat' dir='ltr'><em>ut</em></span> <span class='ocrx_word' id='word_1_185' title='bbox 1499 2934 1520 2967; x_wconf 89' lang='lat'>‚</span> <span class='ocrx_word' id='word_1_186' title='bbox 1549 2882 1895 2978; x_wconf 83' lang='lat' dir='ltr'><em>quoniam</em></span> <span class='ocrx_word' id='word_1_187' title='bbox 1912 2882 2216 2954; x_wconf 87' lang='lat' dir='ltr'><em>Volscos</em></span> <span class='ocrx_word' id='word_1_188' title='bbox 2240 2883 2316 2951; x_wconf 88' lang='lat' dir='ltr'><em>in</em></span> <span class='ocrx_word' id='word_1_189' title='bbox 2332 2888 2512 2954; x_wconf 83' lang='lat' dir='ltr'><em>Her-</em></span> 
     </span>
    </p>
   </div>
   <div class='ocr_carea' id='block_1_2' title="bbox 393 3077 1409 3224">
    <p class='ocr_par' dir='ltr' id='par_1_2' title="bbox 393 3077 1409 3224">
     <span class='ocr_line' id='line_1_25' title="bbox 393 3077 1409 3142; baseline 0.008 -21"><span class='ocrx_word' id='word_1_190' title='bbox 393 3090 524 3131; x_wconf 85' lang='lat' dir='ltr'><em>rum,</em></span> <span class='ocrx_word' id='word_1_191' title='bbox 550 3077 792 3125; x_wconf 86' lang='lat' dir='ltr'><em>neminem</em></span> <span class='ocrx_word' id='word_1_192' title='bbox 812 3077 1141 3142; x_wconf 85' lang='lat' dir='ltr'><em>plebeiorum,</em></span> <span class='ocrx_word' id='word_1_193' title='bbox 1160 3080 1239 3128; x_wconf 84' lang='lat' dir='ltr'><em>vel</em></span> <span class='ocrx_word' id='word_1_194' title='bbox 1254 3080 1409 3129; x_wconf 84' lang='lat' dir='ltr'><em>nemi-</em></span> 
     </span>
     <span class='ocr_line' id='line_1_26' title="bbox 393 3155 1407 3224; baseline 0.009 -25"><span class='ocrx_word' id='word_1_195' title='bbox 393 3168 528 3212; x_wconf 87' lang='lat' dir='ltr'><em>nem,</em></span> <span class='ocrx_word' id='word_1_196' title='bbox 556 3155 715 3218; x_wconf 89' lang='lat' dir='ltr'><em>quod,</em></span> <span class='ocrx_word' id='word_1_197' title='bbox 742 3174 826 3205; x_wconf 79' lang='lat' dir='ltr'><em>seu</em></span> <span class='ocrx_word' id='word_1_198' title='bbox 849 3162 939 3209; x_wconf 78' lang='lat' dir='ltr'><em>etsi</em></span> <span class='ocrx_word' id='word_1_199' title='bbox 960 3159 1181 3224; x_wconf 76' lang='lat' dir='ltr'><em>plebeius</em></span> <span class='ocrx_word' id='word_1_200' title='bbox 1209 3161 1273 3208; x_wconf 77' lang='lat' dir='ltr'><em>sit</em></span> <span class='ocrx_word' id='word_1_201' title='bbox 1287 3197 1301 3221; x_wconf 93' lang='lat'>‚</span> <span class='ocrx_word' id='word_1_202' title='bbox 1331 3161 1407 3208; x_wconf 89' lang='lat' dir='ltr'><em>in-</em></span> 
     </span>
    </p>
   </div>
   <div class='ocr_carea' id='block_1_3' title="bbox 1494 3079 2515 3226">
    <p class='ocr_par' dir='ltr' id='par_1_3' title="bbox 1494 3079 2515 3226">
     <span class='ocr_line' id='line_1_27' title="bbox 1496 3079 2510 3147; baseline -0.002 -19"><span class='ocrx_word' id='word_1_203' title='bbox 1496 3079 1987 3147; x_wconf 76' lang='lat' dir='ltr'><em>contumeliam,fi›re</em></span> <span class='ocrx_word' id='word_1_204' title='bbox 2012 3081 2060 3128; x_wconf 86' lang='lat' dir='ltr'><em>in</em></span> <span class='ocrx_word' id='word_1_205' title='bbox 2073 3080 2203 3146; x_wconf 75' lang='lat' dir='ltr'><em>juris</em></span> <span class='ocrx_word' id='word_1_206' title='bbox 2228 3079 2510 3145; x_wconf 81' lang='lat' dir='ltr'><em>iniquitate,</em></span> 
     </span>
     <span class='ocr_line' id='line_1_28' title="bbox 1494 3159 2515 3226; baseline 0.001 -19"><span class='ocrx_word' id='word_1_207' title='bbox 1494 3160 1538 3207; x_wconf 82' lang='lat' dir='ltr'><em>si</em></span> <span class='ocrx_word' id='word_1_208' title='bbox 1556 3162 1661 3225; x_wconf 84' lang='lat' dir='ltr'><em>lege</em></span> <span class='ocrx_word' id='word_1_209' title='bbox 1679 3159 1847 3226; x_wconf 82' lang='lat' dir='ltr'><em>iniqua</em></span> <span class='ocrx_word' id='word_1_210' title='bbox 1868 3176 1897 3215; x_wconf 68' lang='lat' dir='ltr'><strong>a</strong></span> <span class='ocrx_word' id='word_1_211' title='bbox 1920 3161 2120 3209; x_wconf 77' lang='lat' dir='ltr'><em>summis</em></span> <span class='ocrx_word' id='word_1_212' title='bbox 2141 3159 2414 3208; x_wconf 77' lang='lat' dir='ltr'><em>honoribus</em></span> <span class='ocrx_word' id='word_1_213' title='bbox 2432 3177 2515 3208; x_wconf 82' lang='lat' dir='ltr'><em>ex-</em></span> 
     </span>
    </p>
   </div>
   <div class='ocr_carea' id='block_1_4' title="bbox 391 3230 1406 3385">
    <p class='ocr_par' dir='ltr' id='par_1_4' title="bbox 391 3230 1406 3385">
     <span class='ocr_line' id='line_1_29' title="bbox 391 3230 1405 3300; baseline 0.011 -22"><span class='ocrx_word' id='word_1_214' title='bbox 391 3230 594 3294; x_wconf 82' lang='lat' dir='ltr'><em>diguum</em></span> <span class='ocrx_word' id='word_1_215' title='bbox 643 3252 693 3283; x_wconf 76' lang='lat' dir='ltr'><em>se</em></span> <span class='ocrx_word' id='word_1_216' title='bbox 735 3236 1004 3288; x_wconf 72' lang='lat' dir='ltr'><em>honoribus</em></span> <span class='ocrx_word' id='word_1_217' title='bbox 1039 3239 1373 3300; x_wconf 79' lang='lat' dir='ltr'><em>judicaturum</em></span> <span class='ocrx_word' id='word_1_218' title='bbox 1390 3275 1405 3299; x_wconf 94' lang='lat'><em>,</em></span> 
     </span>
     <span class='ocr_line' id='line_1_30' title="bbox 391 3308 1406 3385; baseline 0.013 -30"><span class='ocrx_word' id='word_1_219' title='bbox 391 3308 638 3358; x_wconf 75' lang='lat' dir='ltr'><em>humiliter</em></span> <span class='ocrx_word' id='word_1_220' title='bbox 670 3313 730 3359; x_wconf 86' lang='lat' dir='ltr'><em>de</em></span> <span class='ocrx_word' id='word_1_221' title='bbox 760 3332 810 3361; x_wconf 80' lang='lat' dir='ltr'><em>se</em></span> <span class='ocrx_word' id='word_1_222' title='bbox 835 3333 1089 3367; x_wconf 77' lang='lat' dir='ltr'><em>sensurum</em></span> <span class='ocrx_word' id='word_1_223' title='bbox 1122 3331 1171 3367; x_wconf 84' lang='lat' dir='ltr'><em>et</em></span> <span class='ocrx_word' id='word_1_224' title='bbox 1205 3335 1406 3385; x_wconf 78' lang='lat' dir='ltr'><em>magnos</em></span> 
     </span>
    </p>
   </div>
   <div class='ocr_carea' id='block_1_5' title="bbox 390 3388 1453 3454">
    <p class='ocr_par' dir='ltr' id='par_1_5' title="bbox 390 3388 1453 3454">
     <span class='ocr_line' id='line_1_31' title="bbox 390 3388 1453 3454; baseline 0.014 -22"><span class='ocrx_word' id='word_1_225' title='bbox 390 3388 584 3434; x_wconf 83' lang='lat' dir='ltr'><em>animos</em></span> <span class='ocrx_word' id='word_1_226' title='bbox 607 3405 711 3436; x_wconf 86' lang='lat' dir='ltr'><em>non</em></span> <span class='ocrx_word' id='word_1_227' title='bbox 732 3391 1033 3454; x_wconf 80' lang='lat' dir='ltr'><em>habiturum,</em></span> <span class='ocrx_word' id='word_1_228' title='bbox 1062 3398 1146 3445; x_wconf 88' lang='lat' dir='ltr'><em>ubi</em></span> <span class='ocrx_word' id='word_1_229' title='bbox 1180 3399 1410 3447; x_wconf 84' lang='lat' dir='ltr'><em>desissent</em></span> <span class='ocrx_word' id='word_1_230' title='bbox 1447 3434 1453 3442; x_wconf 77' lang='grc'>.</span> 
     </span>
    </p>
   </div>
   <div class='ocr_carea' id='block_1_6' title="bbox 391 3457 1408 4175">
    <p class='ocr_par' dir='ltr' id='par_1_6' title="bbox 391 3457 1408 4088">
     <span class='ocr_line' id='line_1_32' title="bbox 393 3457 1401 3542; baseline 0.01 -29"><span class='ocrx_word' id='word_1_231' title='bbox 393 3457 553 3532; x_wconf 80' lang='lat' dir='ltr'><em>(forte</em></span> <span class='ocrx_word' id='word_1_232' title='bbox 570 3467 786 3526; x_wconf 78' lang='lat' dir='ltr'><em>desisset,</em></span> <span class='ocrx_word' id='word_1_233' title='bbox 808 3472 904 3518; x_wconf 76' lang='lat' dir='ltr'><em>nisi</em></span> <span class='ocrx_word' id='word_1_234' title='bbox 921 3490 1084 3533; x_wconf 88' lang='lat' dir='ltr'><em>nemo,</em></span> <span class='ocrx_word' id='word_1_235' title='bbox 1103 3487 1159 3524; x_wconf 91' lang='lat' dir='ltr'><em>ut</em></span> <span class='ocrx_word' id='word_1_236' title='bbox 1176 3478 1401 3542; x_wconf 86' lang='lat' dir='ltr'><em>quisque,</em></span> 
     </span>
     <span class='ocr_line' id='line_1_33' title="bbox 392 3547 1407 3615; baseline 0.009 -21"><span class='ocrx_word' id='word_1_237' title='bbox 392 3548 584 3595; x_wconf 77' lang='lat' dir='ltr'><em>collect.</em></span> <span class='ocrx_word' id='word_1_238' title='bbox 606 3547 705 3595; x_wconf 88' lang='lat' dir='ltr'><em>dici</em></span> <span class='ocrx_word' id='word_1_239' title='bbox 722 3549 880 3615; x_wconf 77' lang='lat' dir='ltr'><em>malis)</em></span> <span class='ocrx_word' id='word_1_240' title='bbox 903 3554 1141 3602; x_wconf 83' lang='lat' dir='ltr'><em>contemni</em></span> <span class='ocrx_word' id='word_1_241' title='bbox 1155 3555 1216 3603; x_wconf 83' lang='lat' dir='ltr'><em>ab</em></span> <span class='ocrx_word' id='word_1_242' title='bbox 1234 3555 1341 3602; x_wconf 81' lang='lat' dir='ltr'><em>aliis</em></span> <span class='ocrx_word' id='word_1_243' title='bbox 1359 3566 1407 3603; x_wconf 87' lang='lat' dir='ltr'><em>et</em></span> 
     </span>
     <span class='ocr_line' id='line_1_34' title="bbox 392 3627 1407 3691; baseline 0.007 -17"><span class='ocrx_word' id='word_1_244' title='bbox 392 3628 518 3675; x_wconf 78' lang='lat' dir='ltr'><em>adeo</em></span> <span class='ocrx_word' id='word_1_245' title='bbox 540 3627 602 3675; x_wconf 77' lang='lat' dir='ltr'><em>ab</em></span> <span class='ocrx_word' id='word_1_246' title='bbox 619 3627 902 3676; x_wconf 77' lang='lat' dir='ltr'><em>hominibus</em></span> <span class='ocrx_word' id='word_1_247' title='bbox 919 3646 1016 3677; x_wconf 77' lang='lat' dir='ltr'><em>suae</em></span> <span class='ocrx_word' id='word_1_248' title='bbox 1035 3633 1179 3680; x_wconf 73' lang='lat' dir='ltr'><em>sortis</em></span> <span class='ocrx_word' id='word_1_249' title='bbox 1190 3667 1204 3691; x_wconf 97' lang='lat'><em>,</em></span> <span class='ocrx_word' id='word_1_250' title='bbox 1220 3634 1271 3682; x_wconf 90' lang='lat' dir='ltr'><em>h.</em></span> <span class='ocrx_word' id='word_1_251' title='bbox 1289 3650 1333 3683; x_wconf 86' lang='lat' dir='ltr'><em>e.</em></span> <span class='ocrx_word' id='word_1_252' title='bbox 1352 3634 1407 3681; x_wconf 90' lang='lat' dir='ltr'><em>in</em></span> 
     </span>
     <span class='ocr_line' id='line_1_35' title="bbox 391 3707 1406 3777; baseline 0.009 -24"><span class='ocrx_word' id='word_1_253' title='bbox 391 3708 615 3755; x_wconf 79' lang='lat' dir='ltr'><em>creandis</em></span> <span class='ocrx_word' id='word_1_254' title='bbox 631 3707 830 3755; x_wconf 77' lang='lat' dir='ltr'><em>summis</em></span> <span class='ocrx_word' id='word_1_255' title='bbox 842 3709 1196 3773; x_wconf 71' lang='lat' dir='ltr'><em>magistratibus</em></span> <span class='ocrx_word' id='word_1_256' title='bbox 1208 3725 1406 3777; x_wconf 78' lang='lat' dir='ltr'><em>praeter-</em></span> 
     </span>
     <span class='ocr_line' id='line_1_36' title="bbox 395 3785 1406 3852; baseline 0.008 -20"><span class='ocrx_word' id='word_1_257' title='bbox 395 3785 480 3845; x_wconf 82' lang='lat' dir='ltr'><em>iri,</em></span> <span class='ocrx_word' id='word_1_258' title='bbox 506 3785 569 3833; x_wconf 79' lang='lat' dir='ltr'><em>ad</em></span> <span class='ocrx_word' id='word_1_259' title='bbox 595 3803 678 3835; x_wconf 85' lang='lat' dir='ltr'><em>eos</em></span> <span class='ocrx_word' id='word_1_260' title='bbox 701 3804 804 3835; x_wconf 89' lang='grc' dir='ltr'><strong>ιιοιι</strong></span> <span class='ocrx_word' id='word_1_261' title='bbox 829 3788 1035 3837; x_wconf 77' lang='lat' dir='ltr'><em>admitti.</em></span> <span class='ocrx_word' id='word_1_262' title='bbox 1061 3788 1204 3838; x_wconf 87' lang='lat' dir='ltr'><em>Conf.</em></span> <span class='ocrx_word' id='word_1_263' title='bbox 1227 3792 1406 3852; x_wconf 88' lang='lat' dir='ltr'>XXII,</span> 
     </span>
     <span class='ocr_line' id='line_1_37' title="bbox 398 3865 1408 3932; baseline 0.006 -20"><span class='ocrx_word' id='word_1_264' title='bbox 398 3865 490 3923; x_wconf 76' lang='lat'><em>34,</em></span> <span class='ocrx_word' id='word_1_265' title='bbox 515 3881 567 3914; x_wconf 90' lang='grc' dir='ltr'><em>ιι.</em></span> <span class='ocrx_word' id='word_1_266' title='bbox 594 3866 653 3926; x_wconf 88' lang='grc'><em>6,</em></span> <span class='ocrx_word' id='word_1_267' title='bbox 677 3878 726 3915; x_wconf 91' lang='lat' dir='ltr'><em>et</em></span> <span class='ocrx_word' id='word_1_268' title='bbox 750 3869 918 3927; x_wconf 79' lang='lat' dir='ltr'>XXV,</span> <span class='ocrx_word' id='word_1_269' title='bbox 950 3869 1033 3928; x_wconf 85' lang='grc'><em>38,</em></span> <span class='ocrx_word' id='word_1_270' title='bbox 1054 3884 1105 3916; x_wconf 87' lang='grc' dir='ltr'><em>ιι.</em></span> <span class='ocrx_word' id='word_1_271' title='bbox 1134 3883 1184 3932; x_wconf 90' lang='grc'><em>9.</em></span> <span class='ocrx_word' id='word_1_272' title='bbox 1202 3870 1408 3918; x_wconf 86' lang='lat' dir='ltr'><em>-Sitne</em></span> 
     </span>
     <span class='ocr_line' id='line_1_38' title="bbox 391 3943 1401 4015; baseline 0.008 -25"><span class='ocrx_word' id='word_1_273' title='bbox 391 3943 571 4007; x_wconf 82' lang='lat' dir='ltr'><em>aliquis</em></span> <span class='ocrx_word' id='word_1_274' title='bbox 574 3943 789 4009; x_wconf 81' lang='lat' dir='ltr'><em>plebeius</em></span> <span class='ocrx_word' id='word_1_275' title='bbox 787 3944 999 4013; x_wconf 86' lang='lat' dir='ltr'><em>ferendo</em></span> <span class='ocrx_word' id='word_1_276' title='bbox 1012 3964 1191 4015; x_wconf 71' lang='lat' dir='ltr'><em>magno</em></span> <span class='ocrx_word' id='word_1_277' title='bbox 1205 3948 1401 4008; x_wconf 75' lang='lat' dir='ltr'><em>honori,</em></span> 
     </span>
     <span class='ocr_line' id='line_1_39' title="bbox 394 4021 932 4088; baseline 0.011 -19"><span class='ocrx_word' id='word_1_278' title='bbox 394 4021 509 4070; x_wconf 82' lang='lat' dir='ltr'><em>vide</em></span> <span class='ocrx_word' id='word_1_279' title='bbox 533 4023 597 4071; x_wconf 78' lang='lat' dir='ltr'><em>ad</em></span> <span class='ocrx_word' id='word_1_280' title='bbox 619 4026 696 4085; x_wconf 91' lang='lat'><em>11,</em></span> <span class='ocrx_word' id='word_1_281' title='bbox 724 4042 784 4088; x_wconf 85' lang='lat'><em>9,</em></span> <span class='ocrx_word' id='word_1_282' title='bbox 808 4042 859 4074; x_wconf 88' lang='grc' dir='ltr'><em>ιι.</em></span> <span class='ocrx_word' id='word_1_283' title='bbox 885 4026 932 4075; x_wconf 84' lang='grc'><em>5.</em></span> 
     </span>
    </p>

    <p class='ocr_par' dir='ltr' id='par_1_7' title="bbox 467 4100 1406 4175">
     <span class='ocr_line' id='line_1_40' title="bbox 467 4100 1406 4175; baseline 0.011 -27"><span class='ocrx_word' id='word_1_284' title='bbox 467 4100 515 4148; x_wconf 82' lang='grc'><em>5.</em></span> <span class='ocrx_word' id='word_1_285' title='bbox 541 4102 780 4154; x_wconf 78' lang='lat' dir='ltr'><em>Minorem</em></span> <span class='ocrx_word' id='word_1_286' title='bbox 806 4107 1056 4169; x_wconf 88' lang='lat' dir='ltr'><em>ruborem,</em></span> <span class='ocrx_word' id='word_1_287' title='bbox 1080 4108 1324 4175; x_wconf 79' lang='lat' dir='ltr'><em>pudorem</em></span> <span class='ocrx_word' id='word_1_288' title='bbox 1357 4120 1406 4158; x_wconf 86' lang='lat' dir='ltr'><em>et</em></span> 
     </span>
    </p>
   </div>
   <div class='ocr_carea' id='block_1_7' title="bbox 1490 3238 2515 4176">
    <p class='ocr_par' dir='ltr' id='par_1_8' title="bbox 1492 3238 2515 3462">
     <span class='ocr_line' id='line_1_41' title="bbox 1494 3238 2515 3305; baseline -0.001 -18"><span class='ocrx_word' id='word_1_289' title='bbox 1494 3240 1830 3299; x_wconf 83' lang='lat' dir='ltr'><em>eluderentur,</em></span> <span class='ocrx_word' id='word_1_290' title='bbox 1851 3240 1893 3288; x_wconf 74' lang='lat' dir='ltr'><em>si</em></span> <span class='ocrx_word' id='word_1_291' title='bbox 1936 3240 2000 3288; x_wconf 78' lang='lat' dir='ltr'><em>ad</em></span> <span class='ocrx_word' id='word_1_292' title='bbox 2037 3256 2122 3289; x_wconf 81' lang='lat' dir='ltr'><em>eos</em></span> <span class='ocrx_word' id='word_1_293' title='bbox 2156 3239 2367 3305; x_wconf 78' lang='lat' dir='ltr'><em>aspirare</em></span> <span class='ocrx_word' id='word_1_294' title='bbox 2406 3238 2515 3303; x_wconf 85' lang='lat' dir='ltr'><em>lege</em></span> 
     </span>
     <span class='ocr_line' id='line_1_42' title="bbox 1492 3318 2512 3384; baseline 0 -18"><span class='ocrx_word' id='word_1_295' title='bbox 1492 3335 1596 3367; x_wconf 89' lang='grc' dir='ltr'><strong>ιιοιι</strong></span> <span class='ocrx_word' id='word_1_296' title='bbox 1620 3319 1788 3367; x_wconf 87' lang='lat' dir='ltr'><em>liceret</em></span> <span class='ocrx_word' id='word_1_297' title='bbox 1802 3353 1818 3379; x_wconf 86' lang='lat'><em>,</em></span> <span class='ocrx_word' id='word_1_298' title='bbox 1843 3335 1993 3384; x_wconf 86' lang='lat' dir='ltr'><em>quam</em></span> <span class='ocrx_word' id='word_1_299' title='bbox 2021 3318 2066 3367; x_wconf 79' lang='lat' dir='ltr'><em>si</em></span> <span class='ocrx_word' id='word_1_300' title='bbox 2088 3319 2186 3367; x_wconf 79' lang='lat' dir='ltr'><em>illis</em></span> <span class='ocrx_word' id='word_1_301' title='bbox 2214 3318 2512 3366; x_wconf 82' lang='lat' dir='ltr'><em>haberentur</em></span> 
     </span>
     <span class='ocr_line' id='line_1_43' title="bbox 1492 3398 1700 3462; baseline 0.005 -18"><span class='ocrx_word' id='word_1_302' title='bbox 1492 3398 1700 3462; x_wconf 79' lang='lat' dir='ltr'><em>indigni.</em></span> 
     </span>
    </p>

    <p class='ocr_par' dir='ltr' id='par_1_9' title="bbox 1491 3461 2514 3920">
     <span class='ocr_line' id='line_1_44' title="bbox 1564 3461 2512 3527; baseline -0.006 0"><span class='ocrx_word' id='word_1_303' title='bbox 1564 3478 1686 3527; x_wconf 60' lang='lat' dir='ltr'><em>Cir.</em></span> <span class='ocrx_word' id='word_1_304' title='bbox 1705 3461 1949 3526; x_wconf 79' lang='lat' dir='ltr'>XXXVI.</span> <span class='ocrx_word' id='word_1_305' title='bbox 1973 3491 2018 3526; x_wconf 85' lang='grc' dir='ltr'><em>ι.</em></span> <span class='ocrx_word' id='word_1_306' title='bbox 2041 3481 2138 3526; x_wconf 88' lang='lat' dir='ltr'><em>Per</em></span> <span class='ocrx_word' id='word_1_307' title='bbox 2153 3477 2410 3524; x_wconf 80' lang='lat' dir='ltr'><em>discessum</em></span> <span class='ocrx_word' id='word_1_308' title='bbox 2419 3472 2512 3521; x_wconf 73' lang='lat'><em>120-</em></span> 
     </span>
     <span class='ocr_line' id='line_1_45' title="bbox 1493 3549 2514 3619; baseline -0.006 -15"><span class='ocrx_word' id='word_1_309' title='bbox 1493 3549 1676 3604; x_wconf 77' lang='lat' dir='ltr'><em>minum</em></span> <span class='ocrx_word' id='word_1_310' title='bbox 1702 3558 1767 3604; x_wconf 82' lang='lat' dir='ltr'><em>ab</em></span> <span class='ocrx_word' id='word_1_311' title='bbox 1797 3559 1920 3606; x_wconf 87' lang='lat' dir='ltr'><em>Urbe</em></span> <span class='ocrx_word' id='word_1_312' title='bbox 1941 3554 2237 3619; x_wconf 76' lang='lat' dir='ltr'><em>(rusticandi</em></span> <span class='ocrx_word' id='word_1_313' title='bbox 2263 3551 2438 3615; x_wconf 79' lang='lat' dir='ltr'><em>gratia,</em></span> <span class='ocrx_word' id='word_1_314' title='bbox 2457 3563 2514 3608; x_wconf 86' lang='lat' dir='ltr'><em>ut</em></span> 
     </span>
     <span class='ocr_line' id='line_1_46' title="bbox 1492 3634 2510 3699; baseline -0.003 -17"><span class='ocrx_word' id='word_1_315' title='bbox 1492 3636 1712 3695; x_wconf 82' lang='lat' dir='ltr'><em>videtur;</em></span> <span class='ocrx_word' id='word_1_316' title='bbox 1740 3634 1915 3699; x_wconf 86' lang='lat' dir='ltr'><em>Doer.)</em></span> <span class='ocrx_word' id='word_1_317' title='bbox 1942 3644 2192 3696; x_wconf 83' lang='lat' dir='ltr'><em>captatum</em></span> <span class='ocrx_word' id='word_1_318' title='bbox 2222 3642 2430 3694; x_wconf 84' lang='lat' dir='ltr'><em>tempus,</em></span> <span class='ocrx_word' id='word_1_319' title='bbox 2456 3647 2510 3680; x_wconf 81' lang='lat' dir='ltr'><em>v.</em></span> 
     </span>
     <span class='ocr_line' id='line_1_47' title="bbox 1492 3710 2513 3777; baseline -0.003 -16"><span class='ocrx_word' id='word_1_320' title='bbox 1492 3716 1571 3761; x_wconf 91' lang='lat'><em>111</em></span> <span class='ocrx_word' id='word_1_321' title='bbox 1584 3748 1598 3772; x_wconf 93' lang='lat'><em>,</em></span> <span class='ocrx_word' id='word_1_322' title='bbox 1613 3730 1665 3777; x_wconf 84' lang='lat'><em>9,</em></span> <span class='ocrx_word' id='word_1_323' title='bbox 1682 3729 1734 3761; x_wconf 90' lang='grc' dir='ltr'><em>ιι.</em></span> <span class='ocrx_word' id='word_1_324' title='bbox 1751 3711 1963 3769; x_wconf 80' lang='lat' dir='ltr'><em>4.--Ad</em></span> <span class='ocrx_word' id='word_1_325' title='bbox 1972 3710 2097 3757; x_wconf 85' lang='lat' dir='ltr'><em>diem</em></span> <span class='ocrx_word' id='word_1_326' title='bbox 2110 3720 2320 3766; x_wconf 84' lang='lat' dir='ltr'><em>certam;</em></span> <span class='ocrx_word' id='word_1_327' title='bbox 2333 3720 2513 3758; x_wconf 84' lang='lat' dir='ltr'><em>eertum</em></span> 
     </span>
     <span class='ocr_line' id='line_1_48' title="bbox 1491 3787 2512 3854; baseline -0.001 -14"><span class='ocrx_word' id='word_1_328' title='bbox 1491 3792 1675 3840; x_wconf 82' lang='lat' dir='ltr'><em>habent</em></span> <span class='ocrx_word' id='word_1_329' title='bbox 1685 3790 1883 3854; x_wconf 85' lang='lat' dir='ltr'><em>quidam</em></span> <span class='ocrx_word' id='word_1_330' title='bbox 1893 3806 1907 3848; x_wconf 81' lang='lat'><em>3</em></span> <span class='ocrx_word' id='word_1_331' title='bbox 1917 3789 2065 3837; x_wconf 80' lang='lat' dir='ltr'><em>male:</em></span> <span class='ocrx_word' id='word_1_332' title='bbox 2081 3787 2236 3836; x_wconf 76' lang='lat' dir='ltr'><em>inhac</em></span> <span class='ocrx_word' id='word_1_333' title='bbox 2244 3788 2375 3836; x_wconf 84' lang='lat' dir='ltr'><em>enim</em></span> <span class='ocrx_word' id='word_1_334' title='bbox 2383 3789 2512 3839; x_wconf 80' lang='lat' dir='ltr'><em>locu-</em></span> 
     </span>
     <span class='ocr_line' id='line_1_49' title="bbox 1493 3868 2472 3920; baseline -0.004 0"><span class='ocrx_word' id='word_1_335' title='bbox 1493 3870 1630 3920; x_wconf 85' lang='lat' dir='ltr'><em>tione</em></span> <span class='ocrx_word' id='word_1_336' title='bbox 1645 3868 1813 3916; x_wconf 82' lang='lat' dir='ltr'><em>Livius</em></span> <span class='ocrx_word' id='word_1_337' title='bbox 1830 3868 2066 3916; x_wconf 86' lang='lat' dir='ltr'><em>feminino</em></span> <span class='ocrx_word' id='word_1_338' title='bbox 2082 3868 2156 3917; x_wconf 87' lang='lat' dir='ltr'><em>uti</em></span> <span class='ocrx_word' id='word_1_339' title='bbox 2173 3870 2365 3918; x_wconf 76' lang='lat' dir='ltr'><em>amavit.</em></span> <span class='ocrx_word' id='word_1_340' title='bbox 2383 3870 2472 3917; x_wconf 83' lang='lat' dir='ltr'><em>En.</em></span> 
     </span>
    </p>

    <p class='ocr_par' dir='ltr' id='par_1_10' title="bbox 1490 3947 2506 4176">
     <span class='ocr_line' id='line_1_50' title="bbox 1568 3947 2506 4015; baseline -0.001 -17"><span class='ocrx_word' id='word_1_341' title='bbox 1568 3967 1617 3998; x_wconf 82' lang='lat'><em>2.</em></span> <span class='ocrx_word' id='word_1_342' title='bbox 1653 3948 1870 3997; x_wconf 83' lang='lat' dir='ltr'><em>Tribunis</em></span> <span class='ocrx_word' id='word_1_343' title='bbox 1886 3949 2024 4014; x_wconf 84' lang='lat' dir='ltr'><em>plebi</em></span> <span class='ocrx_word' id='word_1_344' title='bbox 2055 3947 2197 4015; x_wconf 82' lang='lat' dir='ltr'><em>(vide</em></span> <span class='ocrx_word' id='word_1_345' title='bbox 2221 3950 2285 3998; x_wconf 78' lang='lat' dir='ltr'><em>ad</em></span> <span class='ocrx_word' id='word_1_346' title='bbox 2310 3951 2386 4009; x_wconf 88' lang='lat'><em>11,</em></span> <span class='ocrx_word' id='word_1_347' title='bbox 2415 3950 2506 4009; x_wconf 80' lang='lat'><em>33,</em></span> 
     </span>
     <span class='ocr_line' id='line_1_51' title="bbox 1490 4027 2501 4095; baseline 0.001 -19"><span class='ocrx_word' id='word_1_348' title='bbox 1490 4045 1542 4076; x_wconf 89' lang='lat' dir='ltr'><em>n.</em></span> <span class='ocrx_word' id='word_1_349' title='bbox 1567 4027 1628 4094; x_wconf 83' lang='lat'><em>2)</em></span> <span class='ocrx_word' id='word_1_350' title='bbox 1646 4044 1742 4076; x_wconf 83' lang='lat' dir='ltr'><em>non</em></span> <span class='ocrx_word' id='word_1_351' title='bbox 1758 4063 1772 4076; x_wconf 91' lang='lat'><em>.</em></span> <span class='ocrx_word' id='word_1_352' title='bbox 1788 4064 1801 4077; x_wconf 90' lang='lat'><em>.</em></span> <span class='ocrx_word' id='word_1_353' title='bbox 1814 4063 1827 4077; x_wconf 92' lang='lat'><em>.</em></span> <span class='ocrx_word' id='word_1_354' title='bbox 1848 4028 1984 4094; x_wconf 85' lang='lat' dir='ltr'><em>quod</em></span> <span class='ocrx_word' id='word_1_355' title='bbox 1996 4028 2357 4087; x_wconf 83' lang='lat' dir='ltr'><em>contenderent,</em></span> <span class='ocrx_word' id='word_1_356' title='bbox 2367 4027 2476 4095; x_wconf 66' lang='lat' dir='ltr'><em>filit</em></span> <span class='ocrx_word' id='word_1_357' title='bbox 2484 4063 2501 4085; x_wconf 92' lang='lat'><em>,</em></span> 
     </span>
     <span class='ocr_line' id='line_1_52' title="bbox 1490 4108 2323 4176; baseline 0 -19"><span class='ocrx_word' id='word_1_358' title='bbox 1490 4108 1596 4158; x_wconf 77' lang='lat' dir='ltr'><em>scil.</em></span> <span class='ocrx_word' id='word_1_359' title='bbox 1618 4108 1828 4176; x_wconf 77' lang='lat' dir='ltr'><em>aliquid,</em></span> <span class='ocrx_word' id='word_1_360' title='bbox 1847 4109 1926 4159; x_wconf 83' lang='lat' dir='ltr'><em>vel</em></span> <span class='ocrx_word' id='word_1_361' title='bbox 1947 4125 2087 4159; x_wconf 73' lang='lat' dir='ltr'><em>causa</em></span> <span class='ocrx_word' id='word_1_362' title='bbox 2109 4119 2159 4158; x_wconf 87' lang='lat' dir='ltr'><em>et</em></span> <span class='ocrx_word' id='word_1_363' title='bbox 2180 4109 2323 4158; x_wconf 80' lang='lat' dir='ltr'><em>ratio.</em></span> 
     </span>
    </p>
   </div>
  </div>
 </body>
</html>
