3000 4717
2202 299 2250 335 Δ.
2273 296 2321 336 C.
2349 296 2577 337 363—361.

525 324 663 408 334
1370 326 1447 399 Τ.
1518 322 1796 392 LIVII
2203 355 2256 395 u
2279 357 2328 397 c.
2355 359 2581 410 389-39·

514 443 825 541 jubendi
858 443 1094 515 aediles
1127 445 1413 536 curules
1441 445 1701 515 creari·
1685 441 1958 539 ‚primo
1985 453 2069 509 ut
2104 438 2394 509 alternis
2426 439 2634 509 annis

519 580 609 628 ex
625 553 838 652 plebe
866 553 1165 640 fierent,
1196 567 1664 626 convenerat.
1692 564 1939 649 postea
1962 549 2448 647 promiscuum
2471 546 2633 618 fuit.

519 662 734 753 Inde,
772 668 853 764 L.
891 609 1216 735 Genucio
1253 678 1323 735 et
1358 665 1444 752 Q.
1484 662 1783 734 Servilio
1815 657 2264 746 consulibuS‚
2294 672 2365 729 et
2392 656 2483 727 ab
2518 681 2631 727 se-

523 772 795 845 ditione
834 788 904 870 et
939 800 976 843 a
995 771 1189 844 hello
1224 774 1484 871 quietis
1512 771 1732 843 rebus
1754 827 1773 861 ,
1805 795 1895 841 ue
1928 768 2218 867 quando
2249 794 2290 839 a
2323 781 2521 838 metu
2550 790 2635 836 ac

522 884 855 981 periculis
870 899 1239 973 vacarent,
1269 884 1665 981 pestilentia
1693 884 1942 979 ingens
1971 893 2127 952 orta
2141 873 2190 947 ⁵.
2216 883 2633 962 Censorem,
2710 909 2719 926 =

522 992 797 1065 aedilem
825 994 1181 1082 curulem,
1216 1009 1359 1066 tres
1382 991 1713 1064 tribunos
1745 989 1975 1088 plebis
2005 1003 2330 1059 mortuos
2357 985 2635 1073 ferunt,

520 1128 656 1202 pro
671 1106 1004 1203 portione
1037 1118 1109 1174 et
1127 1128 1213 1175 ex
1232 1101 1693 1174 multitudine
1712 1102 1844 1171 alia
1860 1101 2087 1171 multa
2110 1096 2361 1169 funera
2380 1094 2595 1166 fuisse
2612 1121 2635 1182 ;

519 1215 972 1312 maximeque
1002 1239 1155 1286 eam
1188 1214 1663 1312 pestilentiam
1688 1212 2035 1308 insignem
2056 1232 2252 1279 mors
2270 1230 2485 1303 quam
2499 1228 2638 1276 ma-

524 1340 720 1414 tura,
754 1339 898 1396 tarn
938 1322 1224 1412 acerba,
1255 1328 1352 1394 M.
1391 1317 1630 1393 Furii⁶
1664 1318 1851 1391 fecit.
1894 1320 2052 1390 Fuit
2095 1318 2286 1388 enim
2321 1339 2487 1394 ,vere
2526 1314 2639 1382 vir

521 1435 777 1506 unicus
795 1433 868 1502 in
888 1434 1087 1503 omni
1118 1431 1410 1503 fortuna
1432 1459 1447 1501 ε
1477 1432 1813 1527 princeps
1844 1452 2016 1525 pace
2039 1425 2380 1521 belloque
2402 1424 2634 1519 prim,

521 1567 740 1639 quam
778 1543 1179 1613 exsulatum
1218 1544 1390 1631 iret;
1428 1542 1684 1612 clarior
1720 1540 1792 1608 in
1819 1537 2083 1618 ‚exsilio
2133 1535 2243 1606 vel
2278 1533 2634 1606 desiderio

520 1653 820 1722 civitatis
839 1707 858 1738 ,
888 1676 1047 1747 quae
1086 1668 1291 1750 capta
1318 1652 1630 1724 absentis
1663 1648 2066 1747 imploravit
2101 1670 2355 1743 opem,
2383 1644 2495 1714 vel
2532 1641 2637 1713 fe-

520 1759 782 1832 licitate
801 1815 820 1848 ‚
851 1785 994 1859 qua
1008 1763 1382 1834 restitutus
1404 1763 1478 1832 in
1499 1761 1802 1858 patriam
1821 1780 2062 1829 secum
2083 1754 2636 1852 patriam-ipsam

519 1870 848 1942 restituit.
882 1875 1015 1941 Par
1041 1871 1305 1943 deinde
1340 1896 1471 1969 per
1509 1871 1829 1966 quinque
1863 1881 1933 1939 et
1963 1867 2211 1961 viginti
2239 1888 2461 1934 annos
2489 1863 2637 1958 (tot

522 1983 714 2052 enim
734 1997 984 2080 postea
999 1983 1222 2078 vixit)
1255 1984 1462 2053 titulo
1492 1994 1702 2051 tantae
1728 1979 1967 2076 gloriae
1997 1975 2131 2046 fuit
2153 1986 2179 2031 ⁷
2188 1975 2640 2070 ‚dignusque

522 2089 853 2178 habituS‚
892 2116 1110 2189 quem
1136 2090 1534 2163 secundum
1560 2114 1600 2162 a
1630 2087 1937 2163 Romulo
1964 2084 2413 2158 conditorem
2440 2081 2640 2156 urbis

523 2225 836 2273 romauoe
874 2200 1167 2272 ferrent.

619 2315 708 2380 II.
764 2314 852 2379 Et
890 2308 1030 2379 hoc
1071 2324 1144 2379 et
1180 2310 1589 2405 insequenti
1624 2332 1847 2396 anno,
1887 2312 1966 2379 C.
2005 2308 2317 2404 Sulpicio
2353 2306 2635 2392 Petico,

492 2419 601 2493 ,C.
654 2419 928 2487 Licinio
985 2417 1316 2507 Stolone,
1356 2417 1804 2508 consulibus,
1853 2418 2248 2515 pestilentia
2300 2415 2435 2487 fuit
2474 2444 2489 2484 ε
2548 2440 2640 2486 eo

523 2524 700 2594 nihil
732 2525 1033 2622 dignum
1071 2528 1413 2599 memoria
1443 2542 1721 2617 actum,
1766 2529 1899 2598 nisi
1943 2526 2142 2628 quod
2182 2527 2376 2625 pacis
2414 2525 2633 2597 deum

521 2729 621 2766 est:
651 2740 675 2761 α
687 2721 862 2767 Iubere
877 2721 1181 2784 magistratus
1199 2737 1302 2770 non
1320 2733 1539 2780 senatus,

521 2797 608 2844 sed
633 2799 847 2864 populus
872 2800 1076 2859 dicitur,
1101 2817 1251 2865 quum
1277 2819 1360 2850 eos
1386 2802 1540 2850 comi-

521 2876 604 2924 tiis
628 2889 773 2926 erest.
811 2879 880 2926 At
912 2878 1009 2927 hoc
1042 2891 1260 2945 tempore
1294 2881 1451 2929 adhuc
1485 2882 1540 2927 in

521 2967 762 3019 potestate
784 2960 979 3007 Petrum
997 2958 1089 3006 fuit
1101 2994 1116 3018 ,
1133 2958 1371 3008 habendis
1387 2959 1540 3007 comi-

522 3034 604 3081 tiis
643 3035 953 3085 conditiones
991 3036 1181 3095 dicere,
1220 3037 1443 3101 negando
1485 3053 1538 3083 se

521 3123 744 3159 auctores
779 3113 883 3161 fore
900 3149 915 3172 ,
944 3115 1037 3161 nisi
1054 3149 1069 3173 ,
1101 3114 1234 3178 quod
1263 3117 1505 3174 jusserant
1523 3148 1537 3172 ,

520 3189 884 3251 observaretur3
913 3192 1027 3239 vide
1057 3193 1297 3240 Gronovii
1322 3193 1462 3240 Obss.
1487 3196 1537 3250 1,

520 3267 604 3315 25.
637 3270 708 3315 Ita
730 3285 829 3316 non
856 3270 908 3317 in
930 3271 1082 3317 solius
1107 3271 1280 3334 populi
1300 3282 1539 3334 potestate

515 3346 639 3395 olim
661 3347 816 3396 fuerat
839 3348 1122 3406 decernere,
1140 3360 1300 3396 utrum
1320 3350 1540 3397 tribuno-

520 3441 629 3473 rum
652 3426 976 3474 consularium
990 3441 1054 3472 an
1071 3426 1325 3474 consulum
1343 3430 1537 3476 comitia

517 3505 839 3561 haberentur,
869 3520 1033 3553 verum
1063 3505 1127 3554 sd
1154 3505 1208 3552 id
1233 3506 1374 3554 etiam
1401 3524 1539 3555 sena-

520 3584 876 3632 tusconsultum
903 3584 1250 3646 requirebatur.
1277 3585 1422 3635 Conf.
1446 3587 1535 3644 IV,

527 3678 615 3720 12,
644 3674 692 3711 et
713 3659 921 3725 Dionys.
951 3661 1037 3709 lib.
1065 3664 1167 3721 XI,
1193 3680 1242 3728 p.
1276 3663 1430 3723 735.»
1454 3666 1533 3714 cf.

520 3741 584 3790 ad
609 3744 659 3798 1,
690 3756 769 3801 17,
796 3756 848 3788 n.
869 3740 916 3786 6.

597 3820 644 3866 5.
671 3818 954 3867 Pestilentia
981 3818 1144 3883 ingens
1169 3831 1306 3877 orca,
1337 3820 1449 3867 vide
1475 3821 1540 3868 ad

459 3945 465 3950 ,
521 3899 571 3955 l,
598 3899 680 3955 31,
706 3913 758 3945 n.
787 3905 835 3952 4.
856 3924 927 3932 -
948 3896 1223 3956 Censorem,
1246 3899 1377 3947 conf.
1398 3899 1537 3963 Pigh.

522 3977 653 4021 Anu.
667 3974 738 4020 ad*
747 3990 826 4021 an.
852 3976 1138 4032 387.—Pro
1147 3977 1399 4041 portione,
1423 3979 1539 4026 vide

522 4049 584 4098 ad
600 4051 666 4106 V,
693 4058 751 4107 4,
775 4066 824 4096 n.
849 4067 876 4097 2
893 4085 908 4109 ,
933 4064 983 4100 et
1004 4054 1250 4102 Drakenb.
1269 4054 1332 4101 ad
1355 4055 1404 4101 h.
1423 4056 1454 4103 l.

1618 2717 1621 2722 ’
1697 2723 1747 2770 6.
1772 2723 1905 2770 Mors
1928 2738 2077 2786 quam
2096 2732 2317 2777 matura,
2344 2730 2441 2766 tam
2461 2718 2643 2765 acerba

1627 2802 1698 2849 Μ.
1722 2800 1880 2857 Furii,
1911 2799 2225 2847 nihilominus
2253 2799 2447 2856 acerba,
2474 2814 2643 2860 quam-

1625 2881 1701 2928 vis
1727 2897 1781 2928 ea
1804 2890 2051 2927 senectute
2076 2879 2170 2943 ipsi
2196 2878 2523 2941 contingeret,
2545 2892 2641 2938 qus

1627 2958 1895 3021 exspectari
1915 2957 2145 3004 debuerat
2157 2991 2173 3015 ,
2198 2955 2383 3004 Stroth.
2407 2956 2486 3003 Sic
2512 2971 2642 3002 mors

1624 3047 1819 3083 matura
1843 3035 1971 3083 senis
1995 3034 2231 3099 decrepiti
2248 3033 2380 3098 apud
2401 3034 2502 3082 Cic.
2523 3033 2640 3080 niv.

1625 3116 1674 3170 1,
1702 3114 1790 3172 18,
1815 3122 1862 3159 et
1889 3112 2033 3161 Catil.
2053 3115 2144 3171 IV,
2171 3130 2213 3161 1.
2238 3141 2308 3149 —
2336 3113 2420 3159 Vir
2439 3113 2636 3167 unicus,

1626 3191 1738 3240 vide
1757 3191 1817 3239 ad
1848 3194 1897 3249 1,
1915 3207 2001 3250 21,
2027 3207 2077 3240 n.
2102 3193 2147 3239 3.
2174 3220 2243 3228 —
2270 3191 2459 3239 Clan‘or
2483 3192 2531 3238 in
2554 3206 2640 3238 ex-

1625 3271 1759 3327 silio,
1783 3271 1909 3319 forte
1935 3270 2029 3318 del.
2051 3272 2106 3322 τὸ
2128 3269 2175 3317 in
2187 3287 2208 3326 ,·
2234 3270 2362 3317 an.

1699 3366 1745 3409 7.
1773 3352 1879 3397 Par
1907 3348 2081 3396 deinde
2115 3348 2253 3395 titulo
2292 3335 2444 3395 tunta-
2469 3346 2675 3411 glorioe·

1610 3427 1742 3494 fitit,
1768 3429 1809 3476 ei
1825 3443 1924 3476 non
1939 3427 2116 3484 defuit,
2135 3426 2220 3473 sed
2233 3426 2509 3491 respondit,
2530 3440 2645 3472 eum

1626 3524 1730 3555 uon
1755 3507 1950 3564 fefellit,
1979 3507 2132 3554 tuitus
2156 3516 2257 3564 est3
2279 3507 2426 3553 Doer.
2453 3531 2522 3540 —-
2547 3506 2648 3550 Per

1624 3587 1772 3633 XXV
1783 3601 1937 3632 armos
1957 3602 1976 3631 .·
1997 3585 2146 3630 immo
2159 3599 2255 3647 per
2271 3585 2452 3631 XXIV
2456 3598 2646 3638 annon

1623 3664 1738 3712 vide
1759 3664 1978 3711 Perizon.
1998 3664 2144 3712 anim.
2167 3661 2338 3710 histor.
2359 3678 2463 3726 cap.
2484 3677 2645 3708 to.—

1624 3746 1753 3792 Bene
1788 3759 1838 3790 se
1864 3742 2011 3791 habet
2041 3742 2122 3790 hic
2156 3757 2411 3799 numerus,
2446 3741 2487 3787 si
2516 3741 2646 3787 ratio

1623 3823 1858 3873 habeatur
1869 3821 1986 3869 anni
1998 3824 2100 3882 ejus
2113 3838 2253 3884 quem
2268 3819 2469 3869 inseruit
2487 3823 2643 3867 Henr.

1625 3902 1867 3953 Dodwell.
1886 3912 1997 3948 ante
2019 3901 2306 3948 anarchiam.
2328 3903 2419 3949 En.
2436 3926 2498 3934 —
2516 3899 2648 3949 Mox

1625 3982 1748 4029 forte
1775 3982 1870 4044 leg.
1891 3980 2100 4027 Romani
2106 3978 2325 4045 stru-ent,
2353 3980 2404 4030 h.
2427 3995 2470 4027 e.
2492 3976 2648 4029 habe-

1628 4071 1734 4108 rent
1761 4071 1811 4107 et
1833 4059 2064 4108 dicerent.
