3000 4717
421 395 674 494 3:333,
819 406 1137 479 LIBER
1185 408 1315 480 lv.
1372 411 1588 479 CAP.
1645 402 1801 480 Lx.
1853 400 2084 480 LXI:
2362 409 2498 483 115

368 551 611 606 tamen
644 526 1067 604 conserendi
1101 544 1208 603 est
1240 546 1520 602 ortum:
1551 545 1622 603 et
1638 578 1661 622 ‚-
1690 532 1849 629 lege*
1875 532 2148 630 perlata
2177 533 2270 605 de
2305 530 2496 607 indi-

368 644 605 717 cendo·
649 641 1078 716 Veientibus
1121 630 1320 713 bello
1344 697 1364 725 ‚
1407 644 1800 714 exercitum
1850 656 2112 740 magna
2162 660 2253 715 ex
2298 660 2500 742 parte

367 755 858 827 voluntarium
889 754 1063 824 novi
1093 751 1373 823 tribuni
1404 752 1717 823 militum
1752 753 2115 824 consulari
2148 767 2503 850 potestate

368 869 590 939 Veios
626 866 916 937 duxere.
1551 900 1576 922 ο

466 981 651 1047 LXI.
687 980 914 1045 Fuere
951 984 1193 1044 antem
1222 972 1499 1044 tributii
1528 978 1606 1042 T.
1639 974 1989 1064 Quintius
2015 974 2501 1071 Capitolium,

372 1088 461 1176 Q.
480 1087 820 1176 Quintius
831 1085 1330 1172 Cincinnatus.
1346 1087 1430 1155 C.
1442 1083 1671 1154 Julius
1684 1076 1721 1153 J
1724 1083 1889 1155 ulus
1903 1086 2190 1173 iterum,
2218 1090 2511 1156 A.Ma11‘-

368 1196 545 1284 lius,
569 1201 648 1266 L.
683 1197 937 1266 Furius
967 1190 1412 1265 Medullinus
1442 1195 1739 1264 tertium
1763 1205 1817 1282 1,
1854 1194 1969 1263 Μ’.
1999 1194 2321 1266 AErnilius
2347 1199 2501 1266 Ma·-

370 1306 754 1376 meminus.
793 1304 905 1376 Ab
941 1304 1054 1375 his
1090 1306 1412 1402 primum
1445 1304 1895 1374 circumsessi
1922 1305 2082 1374 Veii
2117 1316 2337 1393 sunt3
2367 1305 2506 1376 su‘b'

372 1416 580 1511 eujus
597 1416 885 1485 initium
903 1412 1306 1485 obsidionis
1327 1427 1559 1508 quum
1576 1417 2051 1483 Etruscorum
2064 1410 2099 1455 ²²
2116 1414 2507 1486 concilium

372 1526 463 1595 ad
488 1522 739 1595 fanum
756 1523 1169 1595 Voltumnae
1197 1521 1622 1618 frequenter
1646 1519 1979 1591 habitum·
2001 1536 2219 1612 esset,
2247 1534 2507 1621 parurn

374 1637 698 1729 constitit
709 1689 728 1723 ‚
747 1632 1043 1704 bellone
1056 1630 1360 1730 publico·
1373 1633 1607 1729 gentis
1621 1632 1971 1703 universae
1984 1633 2242 1704 tuendi
2257 1635 2511 1706 Veien-

373 1760 482 1816 tes
501 1756 762 1816 essent.
780 1746 882 1814 Ea
906 1743 1357 1840 oppugnatio
1379 1743 1667 1840 segnior
1690 1744 2109 1840 insequenti
2131 1737 2324 1817 a'nno
2339 1745 2509 1837 fuit,

373 1869 580 1952 parte
625 1851 1093 1924 tribunorum
1139 1853 1651 1948 exercitusque
1695 1852 1788 1923 ad
1837 1852 2166 1925 volscum
2216 1871 2513 1927 avocata

371 1963 670 2045 bellum.
693 1962 1061 2033 Tribunos
1087 1961 1403 2032 militum
1428 1952 1791 2033 eonsul'ari*
1811 1973 2169 2061 potestate
2194 1966 2254 2037 i‘s
2281 1990 2515 2037 annus

379 2072 637 2144 habuit
672 2078 749 2144 C.
784 2072 1148 2143 Valerium
1177 2072 1493 2142 Potitum
1521 2074 1812 2144 tertium
1833 2127 1853 2162 ‚
1881 2074 2001 2144 Μ’.
2042 2078 2371 2174 Sergium
2404 2079 2513 2148 Fi-

374 2185 710 2255 denatem
725 2237 750 2274 ,
768 2187 845 2255 P.
869 2182 1287 2255 Cornelium
1310 2181 1912 2281 Maluginensem,
1937 2188 2070 2256 Cn.
2093 2172 2514 2258 Cornefium

375 2299 678 2365 Cossum
695 2334 722 2380 ‚·
740 2297 832 2363 K.
854 2292 1156 2363 Fabium
1174 2291 1611 2364 Ambustum
1626 2347 1645 2381 ‚
1675 2297 1794 2391 Sp.
1817 2290 2163 2367 Nautium
2181 2297 2517 2367 Rutilum

373 2405 660 2475 iterum.
695 2408 882 2476 Gu'm
905 2404 1180 2509 Voiscis
1212 2405 1404 2475 i'n'ter
1436 2404 1904 2476 Ferentinum
1932 2414 2150 2503 atqu'e
2179 2406 2511 2478 Ecetram

376 2515 598 2611 signis
642 2515 924 2586 collatis
967 2514 1410 2586 dimicatum.
1462 2516 1807 2586 Romanis
1856 2516 2173 2589 secunda
2219 2515 2513 2588 fortuna

375 2644 636 2724 pugnae
663 2622 822 2725 fuit.
856 2629 1125 2694 Artena
1149 2624 1356 2712 inde,
1381 2625 1813 2696 Volscorum
1842 2628 2226 2725 oppidum,
2259 2626 2350 2697 ab
2382 2630 2508 2698 tri-
2549 2656 2552 2665 ·

373 2733 594 2806 bunis
614 2732 930 2806 obsideri
949 2734 1216 2830 coepta3
1241 2733 1411 2804 inde
1435 2735 1624 2806 inter
1644 2734 2105 2834 eruptionem
2125 2751 2472 2808 tentatam
2487 2794 2507 2826 ‚

376 2846 764 2944 compulso·
793 2845 875 2915 in
917 2842 1186 2915 urbem
1219 2842 1429 2914 hoste
1449 2898 1469 2932 ,
1509 2848 1797 2915 occasio·
1827 2846 1991 2917 data
2025 2863 2133 2918 est
2165 2853 2517 2920 Romanis

371 2952 857 3056 irrumpendi:
892 2962 1299 3054 praeterque
1328 2964 1567 3025 arcem
1599 2966 1850 3026 caetera
1878 2970 2124 3053 capta:
2161 2959 2240 3027 in
2270 2965 2508 3029 arcem

375 3070 733 3140 munitam
752 3064 781 3111 3
810 3082 1068 3139 natura
1101 3064 1362 3164 globus
1404 3079 1851 3136 armatorum
1892 3068 2266 3166 concessit.
2314 3066 2511 3139 Infra

379 3192 617 3248 arcem
647 3181 804 3251 caesi
832 3180 1169 3276 captique
1196 3174 1409 3247 multi
1442 3177 1824 3249 mortales:
1857 3200 1984 3248 arx
2017 3176 2280 3249 deinde
2313 3178 2511 3251 obsi-

297 3332 304 3339 «
381 3283 720 3356 debatur:
755 3313 892 3359 nec
920 3302 1044 3358 aut
1074 3289 1145 3358 vi
1175 3288 1334 3384 capi
1364 3300 1684 3385 poterat,
1720 3288 1891 3383 quia
1924 3310 2059 3385 pro
2099 3293 2330 3386 spatio
2367 3290 2509 3360 loci

380 3396 546 3467 satis
566 3397 872 3491 praesidii
889 3396 1235 3486 habebat3
1256 3412 1381 3468 aut
1398 3421 1599 3494 spem
1625 3395 1844 3467 dabat
1867 3397 2253 3469 deditionis
2266 3453 2286 3487 ,
2306 3399 2506 3469 omni

258 3504 288 3521 “
384 3504 678 3602 publico
693 3505 1058 3579 frumento
1072 3563 1091 3596 ,
1109 3511 1535 3605 priusquam
1551 3508 1727 3589 urbs
1747 3510 2152 3611 caperetur,
2174 3511 2252 3579 in
2271 3532 2510 3579 arcem

381 3699 460 3755 11,
506 3698 564 3756 5,
602 3715 652 3745 n.
693 3699 740 3745 8.
769 3699 865 3745 Pro
894 3696 1036 3744 videt
1062 3682 1241 3747 Bauer.
1268 3702 1399 3762 conj.
1562 3702 1609 3747 3.
1635 3702 1697 3746 In
1731 3713 1893 3746 arcem
1919 3698 2184 3754 munitam,
2227 3708 2322 3745 eto.
2352 3698 2508 3747 Gron.

380 3774 608 3833 vidisset,
642 3788 726 3825 aut
750 3775 835 3824 ubi
852 3790 946 3841 pro
974 3792 1137 3839 quum.
1162 3777 1410 3824 Neutrum·
1488 3777 1679 3832 emend.
1698 3779 1760 3822 In
1779 3791 1890 3822 eam
1906 3774 2143 3821 munitam
2158 3788 2173 3820 z
2188 3808 2200 3820 .
2217 3809 2232 3821 .
2248 3777 2366 3838 Ipsa
2379 3775 2511 3824 dein-

382 3870 594 3902 necesse.
1489 3856 1552 3902 de
1571 3854 1900 3902 obsidebatur.
1912 3886 1924 3898 .
1938 3887 1952 3899 .
1962 3851 2017 3898 ni
2021 3868 2179 3899 servus
2184 3854 2504 3917 prodidisset,

452 3934 576 3982 Cu».
594 3935 725 3982 LXI.
761 3949 804 3981 1.
828 3936 885 3980 L.
909 3932 1082 3981 Furius
1111 3930 1403 3980 Medullinus
1489 3949 1554 3980 ne
1570 3931 1727 3979 sexies
1748 3947 1848 3979 arx
1866 3930 2170 3989 nominetur,
2194 3933 2329 3994 quod
2340 3935 2509 3998 utique

384 4011 554 4061 iterum
580 4014 641 4060 al.
669 4013 853 4063 Confer
872 4011 984 4060 Ind.
1488 4011 1750 4058 molestum
1767 4008 2057 4058 est.—-Vide
2074 4024 2220 4074 supra
2234 4011 2332 4060 hoc
2347 4013 2478 4062 libro
2491 4048 2507 4070 ‚

455 4107 504 4138 2.
534 4094 847 4141 Etruscorum
867 4089 1124 4139 concilium
1148 4087 1221 4137 ad
1218 4086 1404 4154 fanum
1488 4105 1596 4154 cap.
1618 4088 1684 4135 55
1694 4105 1710 4148 ;
1729 4089 1946 4137 “Nuncii
1961 4088 2193 4161 veniunt,
2211 4107 2374 4138 arcem
2390 4094 2508 4140 Car-

353 4172 362 4181 ·
390 4171 683 4230 Voltumnae,
713 4171 829 4222 vide
853 4171 916 4218 ad
940 4172 1031 4229 IV,
1050 4169 1116 4218 23
1131 4203 1145 4230 ,
1167 4185 1217 4217 n.
1248 4167 1295 4216 5.
1490 4178 1774 4228 vaunnam,
1800 4167 2000 4235 dilapsis
2019 4167 2084 4229 ad
2105 4169 2321 4232 praedam
2345 4172 2509 4218 militi·

2089 4253 2165 4322 8.
