3000 4717
460 304 835 408 2:5133213322
880 325 1197 392 LIBER
1245 325 1382 393 lv.
1438 323 1655 391 cAP.
1709 324 1877 390 xx.
1930 324 2143 392 xxi.
2429 322 2523 409 45

406 471 556 520 ram
572 449 927 546 insignem
943 445 1165 517 edidit
1193 468 1507 541 pugnam
1538 457 1949 540 equestrem
1969 472 1984 513 ε
2004 469 2087 515 ea
2115 445 2340 517 libera
2356 469 2522 518 con-

392 555 678 648 jectura
698 570 840 640 est3
870 554 993 626 sed
1008 610 1028 643 ,
1058 569 1140 625 ut
1161 579 1294 650 ego
1314 552 1656 641 arbitror,
1675 578 1859 627 vana
1874 579 2157 626 versare
2176 558 2248 626 in
2268 581 2521 631 omnes

405 668 786 764 opiniones
808 666 974 737 licet
1004 694 1019 735 :
1054 689 1281 762 quum
1318 679 1568 736 auctor
1594 689 1884 762 pugnae,
1918 666 2328 738 recentibus
2350 694 2521 767 spo-

404 776 514 849 liis
547 779 625 848 in
661 802 858 848 sacra
891 776 1059 848 sede
1081 777 1364 874 positis,
1393 781 1641 847 Jovem
1667 799 1894 873 prope
1929 777 2162 873 ipsum
2181 832 2200 866 ,
2219 780 2335 848 cui
2357 796 2525 852 vota

402 904 640 978 erant,
673 888 1212 984 Romulumque
1228 888 1522 958 intuens
1539 942 1558 972 ,
1592 886 1791 957 haud
1812 898 1875 930 ¹⁰
1895 888 2341 984 spernendos
2367 887 2523 962 falsi

402 999 593 1070 tituli
620 1012 874 1086 testeS,
906 1024 981 1069 se
1011 1002 1093 1069 A.
1140 997 1559 1069 Cornelium
1596 999 1902 1067 Cossum
1941 996 2311 1067 consulem
2352 1001 2523 1069 scri-

400 1112 641 1206 pserit.
1204 1165 1211 1172 .
1732 1109 1736 1114 ’

495 1230 686 1295 XXI.
730 1230 826 1295 M.
871 1224 1210 1295 Cornelio
1245 1223 1779 1320 Maluginense,
1817 1226 1895 1291 L.
1941 1223 2226 1318 Papirio
2265 1227 2518 1296 Crasso

399 1334 855 1425 consulibus,
893 1335 1247 1406 exercitus
1289 1335 1366 1403 in
1404 1356 1655 1428 agrum
1687 1330 2046 1401 veientem
2081 1354 2162 1401 ac
2198 1330 2519 1403 faliscum

396 1441 633 1515 ducti:
662 1444 919 1542 praedae
945 1444 1212 1515 abactae
1236 1442 1616 1512 hominum
1639 1464 2133 1538 pecorumque
2158 1468 2173 1510 ε
2205 1440 2429 1512 hostis
2444 1443 2521 1512 in

397 1556 580 1652 agris
612 1578 975 1649 nusquam
994 1555 1333 1622 inventus
1351 1606 1371 1639 ,
1401 1574 1641 1646 neque
1669 1550 2042 1647 pugnandi
2074 1552 2281 1647 copia
2299 1549 2483 1622 facta
2501 1579 2548 1648 z,

395 1663 613 1734 urbes
627 1677 870 1733 tamen
892 1686 1045 1730 non
1061 1673 1494 1757 oppugnatae
1507 1715 1526 1749 ,
1545 1660 1714 1755 quia
1736 1659 2145 1757 pestilentia
2161 1662 2518 1759 populum

396 1771 691 1842 invasit:
726 1787 799 1843 et
826 1770 1213 1841 seditiones
1232 1769 1428 1839 domi
1456 1770 1766 1866 quaesitae
1785 1784 1987 1854 sunt,
2014 1795 2149 1841 nec
2168 1786 2382 1843 motae
2409 1786 2517 1843 ta·

394 1906 562 1953 men
582 1938 601 1972 ,
640 1881 730 1952 ab
762 1886 876 1980 Sp.
916 1880 1149 1950 Maelio
1179 1879 1475 1952 tribuno
1503 1878 1773 1977 plebis;
1809 1882 1975 1977 qui,
2017 1879 2258 1953 favore
2287 1884 2517 1954 nomi-

393 1992 502 2061 nis
537 2006 906 2062 moturum
941 2016 1016 2061 se
1043 1989 1316 2087 aliquid
1347 2005 1548 2061 ratus
1570 2046 1589 2080 ,
1627 2005 1698 2061 et
1732 1992 2053 2061 Minucio
2089 1991 2279 2062 diem
2318 1992 2519 2063 dixe-

389 2116 500 2172 rat
516 2156 534 2185 ,
575 2115 647 2171 et
671 2103 1120 2199 rogationem
1141 2101 1231 2171 de
1255 2099 1711 2198 publicandis
1736 2100 1952 2171 bonis
1976 2099 2252 2171 Servilii
2278 2102 2518 2175 Ahalae

388 2212 653 2282 tulerat
673 2240 687 2281 :
717 2211 909 2283 falsis
933 2211 1355 2283 criminibus
1372 2237 1414 2282 a
1429 2213 1758 2284 Minucio
1779 2213 2349 2285 circumventum
2367 2219 2519 2285 Mae-

388 2321 568 2392 lium
586 2347 917 2419 arguens,
929 2324 1232 2394 Servilio
1246 2323 1516 2393 caedem
1534 2325 1703 2394 civis
1715 2322 2117 2395 indemnati
2134 2323 2511 2419 objiciens:

388 2458 551 2530 quae
566 2445 588 2475 ¹
613 2435 908 2504 vaniora
929 2434 1020 2504 ad
1041 2434 1397 2531 populum
1419 2437 1580 2531 ipso
1599 2447 1893 2505 auctore
1912 2433 2136 2507 fuere.
2157 2439 2509 2506 Caeterum

389 2545 614 2641 magis
657 2547 761 2613 vis
795 2543 1033 2614 morbi
1074 2547 1573 2641 ingravescens
1608 2570 1794 2616 curae
1832 2562 2021 2634 erat,
2056 2562 2516 2643 terroresque

389 2675 472 2722 ac
490 2650 816 2748 prodigia
834 2678 854 2739 ;
874 2653 1181 2723 maxime
1199 2653 1400 2748 quod
1430 2653 1699 2725 crebris
1726 2654 2051 2726 motibus
2068 2670 2275 2728 terrae
2301 2682 2515 2727 ruere

375 2889 547 2940 partes
589 2876 867 2926 muliebrem
905 2878 1120 2925 animum
1133 2894 1155 2934 ;
1190 2886 1239 2924 et
1276 2875 1408 2940 apud

386 2957 542 3007 Tacit.
566 2958 695 3007 Hist.
719 2962 770 3017 Ι,
800 2959 863 3005 58
879 2993 893 3016 ,
923 2972 1124 3005 versare
1148 2955 1408 3003 sententias

386 3046 434 3081 et
451 3035 544 3083 huc
561 3049 709 3101 atque
726 3036 840 3084 illuc
858 3033 1133 3101 torquere);
1154 3052 1269 3084 nam
1289 3034 1407 3081 falsa

388 3126 516 3162 certe
549 3126 622 3163 est
655 3118 933 3177 conjectura
966 3116 1077 3173 illa,
1114 3131 1262 3179 quum
1299 3113 1406 3178 ipse

386 3205 560 3240 auctor
561 3211 769 3261 pugnoe,
792 3196 996 3254 Cossus,
1017 3194 1280 3241 recentibus
1298 3210 1404 3257 spo-

363 3325 373 3346 .
389 3269 464 3317 liis
475 3305 486 3316 .
499 3306 510 3316 .
524 3307 537 3319 .
555 3289 606 3319 se
622 3275 861 3321 consulem
875 3273 1132 3338 scripserit,
1148 3273 1226 3320 vel
1235 3273 1401 3338 potius

389 3349 690 3414 inscripserit.
723 3353 799 3399 Cf.
831 3364 992 3399 tamen
1016 3370 1149 3418 supr.
1176 3363 1282 3400 not.
1313 3360 1360 3407 4.

461 3444 540 3475 10.
591 3429 746 3475 Haud
790 3431 1079 3493 spernendos
1129 3442 1265 3478 testes
1280 3466 1296 3488 ‚
1343 3442 1400 3479 ut

387 3510 568 3566 XXX,
592 3507 677 3562 45,
701 3518 750 3553 et
770 3508 828 3554 al.
850 3507 987 3555 haud
1001 3510 1394 3567 contemnendos,

386 3588 527 3636 haud
545 3587 776 3642 incertos,
800 3596 892 3631 etc.
917 3586 968 3633 h.
997 3603 1039 3634 e.
1068 3587 1400 3650 gravissimos,

386 3667 609 3716 maximae
636 3663 966 3720 auctoritatis,
999 3664 1199 3711 maximi
1223 3666 1404 3713 facien-

387 3747 499 3806 <10⁵3
521 3762 627 3810 quae
638 3744 833 3803 λιτότης
851 3762 939 3793 seu
956 3742 1155 3812 μείωσις
1172 3742 1402 3804 αὖξητικῆ

386 3827 502 3874 satis
520 3835 638 3873 nota
656 3835 753 3882 est3
776 3823 889 3870 vide
909 3822 971 3869 ad
989 3822 1141 3880 XXI,
1164 3829 1228 3876 40
1241 3857 1255 3879 ,
1273 3839 1321 3870 n.
1349 3839 1402 3883 13

385 3907 566 3962 XXX,
596 3904 661 3960 45
680 3936 696 3963 ‚
724 3920 774 3949 n.
805 3903 833 3948 3
860 3898 976 3967 (ubi
1005 3900 1174 3948 confer
1200 3902 1327 3949 Duk.
1355 3914 1405 3950 et

386 3982 581 4048 Drak.);
606 3983 866 4040 XXXIII,
892 3981 950 4039 6,
976 3997 1026 4028 n.
1064 3995 1116 4042 ας
1144 3982 1402 4040 XXXIII,

394 4079 479 4118 ιο,
504 4079 554 4110 n.
582 4062 627 4109 5.

1569 2878 1689 2925 Cn.
1713 2880 1858 2925 XXI.
1891 2893 1935 2926 1.
1961 2880 2080 2940 Quae
2097 2879 2313 2925 vaniora
2340 2878 2414 2924 ad
2421 2895 2518 2942 po-

1487 2955 1661 3019 pulum
1682 2957 1783 3021 ipso
1803 2956 2169 3020 auctorefuere,
2195 2972 2364 3003 eorum
2385 2973 2412 3002 a
2431 2972 2518 3021 po-

1494 3035 1615 3099 pulo
1634 3036 1799 3082 minor
1814 3035 1940 3083 ratio
1962 3035 2155 3094 habita,
2180 3052 2322 3098 quam
2348 3046 2515 3082 aucto-

1494 3115 1593 3172 ris',
1620 3115 1698 3162 vel
1721 3114 1787 3162 ob
1810 3115 1956 3162 talem
1979 3126 2254 3174 auctorem,
2272 3126 2326 3163 ut
2345 3126 2515 3163 contra

1491 3210 1637 3253 mox,
1663 3194 1819 3259 magis
1845 3211 1976 3242 curae
2002 3206 2125 3244 erat.
2148 3220 2219 3231 ·—-
2236 3195 2479 3243 Caeterum
2498 3230 2512 3254 ‚

1492 3290 1767 3337 quanquam
1784 3273 1867 3320 hic
1887 3274 2053 3322 irritos
2067 3274 2214 3321 fuisse
2227 3273 2413 3323 tribuni
2431 3289 2516 3321 co-

1488 3365 1632 3401 natus
1659 3353 1826 3400 Livius
1851 3351 2057 3401 affirmat
2072 3389 2087 3412 ,
2123 3348 2286 3401 tamen
2311 3353 2516 3400 Ahalam

1490 3432 1748 3480 Servilium
1774 3444 1824 3480 et
1846 3432 2070 3480 Valerius
2096 3434 2233 3480 Max.
2260 3431 2293 3478 1.
2319 3446 2381 3487 v,
2407 3446 2513 3494 cap.

1495 3513 1523 3558 3
1542 3545 1555 3569 ‚
1580 3511 1835 3558 custodita·
1873 3511 2104 3559 libertatis
2145 3509 2317 3556 civium
2339 3524 2514 3571 poenas

1492 3590 1665 3637 exsilio
1683 3606 1770 3636 suo
1780 3590 2066 3653 pependisse
2083 3588 2258 3645 tradit3
2278 3597 2325 3633 et
2340 3587 2514 3636 Cicero

1491 3684 1586 3733 pro
1614 3670 1807 3725 Domo,
1836 3685 1885 3714 n.
1917 3667 2012 3725 86,
2045 3665 2239 3730 pulsum
2271 3664 2390 3713 urbe
2408 3701 2423 3724 ,
2459 3667 2514 3713 in

1494 3759 1694 3808 eamque
1731 3743 1908 3791 deinde
1946 3745 2223 3791 restitutum
2261 3755 2512 3794 memorat.

1493 3821 1807 3884 liu—Quod
1820 3821 1995 3869 crebris
2013 3823 2217 3870 motibus
2234 3835 2400 3881 terroe,
2419 3836 2510 3873 etc.

1495 3902 1557 3949 de
1579 3902 1671 3948 hac
1689 3900 1964 3964 pestilentia
1983 3901 2096 3949 vide
2115 3902 2177 3949 ad
2200 3905 2224 3949 Ι
2239 3939 2254 3963 ,
2284 3904 2368 3963 31,
2391 3920 2441 3952 n.
2463 3912 2509 3960 4.

1495 4003 1521 4022 ιε
1547 3979 1806 4027 Probabile
1845 3978 1902 4027 fit
1917 4015 1931 4039 ,
1962 3980 2176 4029 hiatibus
2212 3982 2307 4030 soli
2344 3998 2510 4029 corru-

1492 4070 1633 4124 ptum
1654 4075 1808 4108 aerem
1833 4062 2111 4125 contagium
2130 4061 2388 4124 sparsisse:
2411 4075 2509 4124 quo
