3000 4717
2321 365 2370 403 A.
2398 363 2445 404 c.
2476 343 2566 416 327¹.

2323 422 2378 461 Π.
2399 425 2429 463 C
2471 425 2563 469 425.

502 412 638 503 472
831 363 838 368 ’
1343 401 1422 465 Τ.
1488 395 1769 466 len
2122 471 2129 480 ‚

499 527 637 600 rati
682 533 884 593 erant
916 520 1004 591 ad
1040 513 1332 604 bellum.
1376 516 1650 589 Eodem
1687 534 1880 583 anno
1919 506 2293 605 privernas
2339 500 2617 581 bellum

497 633 797 705 initum:
822 632 1027 725 cujus
1065 625 1614 708 sociiFuudani‚
1640 622 1788 692 dux
1808 620 2020 691 etiam
2054 613 2188 685 fuit
2202 612 2614 699 Fundanus,

499 742 866 815 Vitruvius
896 743 1205 820 Vaccu53
1246 737 1352 806 vir
1378 759 1529 805 non
1561 731 1759 803 domi
1791 729 2024 801 solum
2043 779 2063 812 ‚
2091 721 2216 794 sed
2246 722 2459 791 etiam
2484 724 2619 789 Ro-

500 875 671 939 mae,
719 850 975 923 claruS.
1018 847 1227 918 AEdes
1274 844 1473 917 fuere
1522 845 1599 914 in
1647 841 1912 941 palatio
1959 836 2150 931 ejuS‚
2197 854 2356 928 quae
2398 828 2616 899 Vacci

497 956 769 1060 prata-²⁹,
818 959 1059 1031 diruto
1099 954 1397 1027 aedificio
1445 952 1975 1052 publicatoque
2000 944 2192 1046 solo,
2235 938 2613 1038 appellata.

498 1071 855 1144 Advemus
882 1069 1113 1154 hunc,
1143 1079 1538 1138 vastantem
1569 1060 1796 1133 effuse
1822 1058 2136 1129 setinum
2177 1049 2614 1122 norbanum·

503 1204 650 1279 que
685 1195 756 1251 et
801 1202 1140 1251 coranum
1173 1199 1422 1274 agrurn
1450 1229 1470 1263 ‚
1508 1178 1588 1245 L.
1625 1171 1945 1269 Papirius
1975 1161 2382 1263 profectus·‚
2417 1155 2615 1227 haud

499 1291 761 1390 procul
812 1289 1061 1361 castris
1112 1288 1269 1382 ejus
1321 1284 1668 1357 consedit.
1706 1278 2037 1353 Vitruvio
2086 1298 2257 1361 nec,
2303 1284 2386 1341 ut
2426 1268 2614 1337 vallo

502 1424 577 1473 se
618 1414 895 1472 teneret
924 1399 1263 1471 adversus
1297 1394 1713 1467 validiorem
1740 1391 2023 1461 hostem
2046 1442 2065 1475 ‚
2094 1408 2260 1489 sana
2286 1392 2613 1452 constare

498 1513 778 1598 mens⁴‚
824 1534 993 1596 nec,
1048 1523 1129 1579 ut
1170 1508 1453 1603 longius
1499 1529 1542 1575 a
1590 1503 1837 1575 castris
1885 1497 2285 1580 dimicaret,
2335 1490 2617 1559 animus

501 1635 908 1718 suppetere.
948 1620 1086 1689 Vix
1118 1621 1268 1688 tota
1292 1630 1494 1687 extra
1521 1629 1808 1713 portam
1839 1619 2245 1682 castrorum·
2269 1600 2617 1703 explicata

500 1731 650 1800 acie
672 1784 692 1816 ‚
730 1728 971 1827 fugam
1010 1732 1228 1826 magis
1255 1741 1456 1798 retro
1473 1722 1528 1814 ⁵,
1562 1747 1781 1821 quam
1807 1719 2131 1819 praelium
2160 1727 2284 1785 aut
2310 1712 2616 1798 hostem,

501 1853 870 1938 spectante
895 1839 1153 1926 milite,
1176 1838 1331 1908 sine
1352 1836 1691 1922 consilio,
1715 1834 1868 1902 sine
1890 1826 2183 1899 audacia
2206 1822 2615 1919 depugnat:

503 1963 608 2038 et,
641 1964 724 2022 ut
760 1950 899 2021 levi
931 1962 1308 2022 momento
1345 1972 1483 2018 nec
1516 1943 1847 2040 ambigue
1875 1953 1982 2010 est
2008 1938 2271 2019 victus»,
2301 1934 2433 2016 ita,
2459 1927 2621 1998 bre-

501 2059 719 2130 vitate
759 2060 911 2162 ipsa
968 2059 1110 2130 loci
1153 2056 1484 2153 facilique
1538 2066 1835 2151 receptu
1887 2051 1960 2118 in
2012 2062 2156 2117 tam
2211 2041 2620 2140 propinqua

503 2183 730 2239 castra
752 2222 770 2252 ‚
820 2168 1017 2238 haud
1053 2192 1235 2264 aegre
1266 2167 1568 2236 militem
1601 2188 1643 2236 a
1672 2160 1899 2231 multa
1937 2154 2129 2227 caede
2163 2165 2268 2221 est
2293 2160 2566 2217 tutatus
2594 2170 2614 2213 ε

499 2301 638 2347 nec
671 2276 821 2347 fere
858 2278 1245 2371 quisquam
1274 2277 1351 2343 in
1389 2277 1548 2371 ipso
1589 2270 1979 2342 certamine
2002 2318 2022 2352 ‚
2055 2261 2259 2361 pauci
2286 2259 2362 2326 in
2399 2250 2619 2324 turba

498 2384 685 2481 fugae
734 2381 1137 2470 extremaefi,
1181 2405 1409 2477 quum
1456 2385 1530 2449 in
1578 2392 1805 2451 castra
1852 2385 2177 2457 ruerent,
2222 2368 2418 2452 caesi3
2465 2364 2618 2463 pri-

498 2494 781 2587 misque
812 2490 1133 2560 tenebris
1170 2491 1587 2560 Privernum
1620 2487 1789 2558 inde
1816 2486 2123 2583 petitum
2165 2480 2445 2576 agmine
2476 2489 2616 2545 tre·

496 2602 709 2700 pide,
747 2615 826 2671 ut
861 2602 1088 2671 muris
1130 2602 1373 2698 potius
1394 2655 1413 2688 ‚
1455 2621 1676 2695 quam
1716 2596 1942 2683 vallo,
1988 2617 2140 2663 sese
2181 2598 2609 2660 tutarentur.

495 2716 553 2784 A
591 2714 936 2808 Priverno
977 2711 1336 2798 Plautius„
1359 2710 1540 2781 alter
1577 2707 1868 2793 consul,
1908 2699 2329 2803 pervastatis
2356 2696 2617 2795 passim

496 2825 685 2919 agris
713 2822 1093 2919 praedaque
1112 2821 1363 2893 abacta
1380 2875 1399 2908 ‚
1421 2822 1498 2889 in
1520 2842 1769 2915 agrum
1796 2812 2201 2886 fundanum
2224 2806 2616 2880 exercitum

494 2931 791 3002 inducit.
833 2931 1272 3028 Ingredienti
1307 2928 1488 3000 fines
1522 2941 1809 2999 senatus
1836 2920 2349 2993 Fundanorum
2379 2934 2618 2985 occur-

495 3041 589 3110 rit
633 3068 648 3109 :
699 3057 997 3137 negant,
1037 3066 1114 3111 se
1130 3065 1274 3139 pro
1315 3043 1635 3110 Vitruvio
1668 3050 2077 3129 sectamque
2119 3030 2273 3121 ejus
2303 3026 2617 3121 sequacis
2720 3037 2729 3042 '

473 3164 861 3250 precatum
910 3156 1214 3236 venisse,
1272 3148 1406 3220 sed
1434 3172 1576 3245 pro
1602 3143 1961 3237 fundano
1995 3138 2289 3238 populo
2315 3165 2345 3223 ;
2400 3155 2614 3231 quem

493 3272 705 3330 extra
735 3258 1032 3357 culpam
1066 3257 1243 3329 belli
1271 3282 1445 3343 esse,
1485 3263 1720 3355 :jusum
1761 3256 2148 3324 Vitruvium
2168 3245 2543 3343 judicasse
2559 3251 2610 3327 ⁷,

488 3434 756 3487 Polusca'm‘
776 3435 969 3484 Ruben.
998 3446 1053 3488 ut
1091 3434 1191 3481 duo
1231 3435 1511 3486 Volscorum

488 3513 664 3580 populi
690 3515 768 3562 vel
790 3514 973 3578 oppida
1000 3524 1347 3568 memorentur.

564 3596 610 3644 3.
643 3592 794 3645 Vacci
806 3604 992 3655 prata,
1022 3603 1114 3646 etc.
1136 3592 1267 3639 conf.
1286 3592 1392 3641 Cic.
1414 3606 1508 3663 pro

487 3673 650 3720 Domo
662 3706 677 3730 ,
702 3672 783 3719 38.
797 3698 868 3708 -
880 3693 905 3711 u
917 3672 976 3717 In
988 3671 1140 3718 Vacci
1158 3670 1312 3735 pratis
1334 3670 1510 3719 domus

487 3749 581 3797 fuit
615 3751 689 3800 Μ.
705 3749 884 3809 Vach,
916 3764 1025 3812 quae
1064 3748 1310 3814 publicata
1352 3759 1425 3798 est
1460 3759 1510 3796 et

491 3841 673 3876 eversa.
700 3851 725 3870 n
762 3830 852 3876 En.

560 3912 608 3959 4.
643 3906 856 3954 Vitruvio
889 3921 1055 3959 nec...
1072 3922 1250 3961 ..sana
1283 3917 1508 3962 constare

486 3998 618 4029 mens
634 4017 652 4039 ‚
697 3985 887 4047 sapiens
924 3997 1207 4047 certumque
1250 3985 1507 4038 consilium

484 4059 712 4126 capiendi
735 4061 937 4109 facultas
959 4062 1269 4127 suppetebat.

555 4138 605 4186 5.
647 4138 836 4201 Fugam
872 4140 1028 4201 magis
1073 4153 1202 4187 retro
1246 4141 1310 4189 ad
1351 4152 1506 4190 castra

1597 3431 1875 3498 propinqua
1915 3427 2200 3495 capiendam
2243 3432 2489 3489 spectante
2534 3417 2617 3465 mi·

1599 3511 1704 3569 lite,
1728 3509 2176 3575 circumspiciente,
2203 3503 2266 3552 ad
2286 3519 2389 3551 eam
2407 3501 2616 3548 intento.

1667 3590 1716 3637 6.
1743 3592 1802 3636 In
1830 3590 1972 3637 turba
1987 3588 2134 3653 fitgoe
2161 3595 2392 3632 extrema·
2406 3615 2424 3638 ,
2458 3589 2617 3626 extre·

1596 3684 1811 3728 morum,
1835 3669 1919 3731 qui
1938 3666 2203 3730 fugiebant.

1673 3765 1721 3809 7.
1751 3748 1902 3810 Quem
1931 3757 2077 3794 extra
2111 3743 2306 3807 culpam
2340 3736 2454 3787 belli
2483 3750 2613 3791 esse,

1594 3826 1750 3891 ipsum
1776 3824 2040 3873 Vitruvium
2067 3821 2319 3889 judicasse
2331 3836 2352 3876 ,·
2392 3818 2452 3864 al.
2494 3810 2618 3861 indi-

1593 3919 1728 3952 casse
1742 3920 1759 3951 :
1778 3904 1863 3954 sed
1865 3901 2099 3968 judicare
2110 3900 2355 3964 eleganter
2369 3895 2618 3951 dicuntur,

1595 3984 1681 4053 qui
1714 3983 1844 4031 facto
1873 3983 2041 4045 aliquo
2065 3995 2155 4027 suo
2186 3975 2524 4044 praejudicium
2554 3969 2615 4017 de

1593 4078 1646 4109 rc
1673 4060 1858 4111 faciunt
1877 4096 1892 4119 ‚
1925 4071 1974 4108 et
2005 4076 2068 4107 ex
2097 4075 2156 4113 eo
2188 4058 2297 4105 aliis
2336 4055 2456 4102 dant
2491 4048 2617 4098 καὶ·

1593 4105 1760 4189 dandi
1784 4140 2010 4204 copiam3
2038 4140 2198 4188 Gron.
2221 4135 2308 4200 qui
2329 4134 2448 4183 hinc
2469 4129 2616 4178 etiam
