<?xml version="1.0" encoding="UTF-8"?>
<!DOCTYPE html PUBLIC "-//W3C//DTD XHTML 1.0 Transitional//EN"
    "http://www.w3.org/TR/xhtml1/DTD/xhtml1-transitional.dtd">
<html xmlns="http://www.w3.org/1999/xhtml" xml:lang="en" lang="en">
 <head>
  <title>
</title>
<meta http-equiv="Content-Type" content="text/html;charset=utf-8" />
  <meta name='ocr-system' content='tesseract 3.04.00' />
  <meta name='ocr-capabilities' content='ocr_page ocr_carea ocr_par ocr_line ocrx_word'/>
</head>
<body>
  <div class='ocr_page' id='page_1' title='image "./titusliviuspata00unkngoog_0509.png"; bbox 0 0 3000 4717; ppageno 0'>
   <div class='ocr_carea' id='block_1_1' title="bbox 449 362 2526 471">
    <p class='ocr_par' dir='ltr' id='par_1_1' title="bbox 449 362 2526 471">
     <span class='ocr_line' id='line_1_1' title="bbox 449 362 2526 471; baseline -0 -20"><span class='ocrx_word' id='word_1_1' title='bbox 449 363 699 471; x_wconf 46' lang='lat'><strong>35:333:</strong></span> <span class='ocrx_word' id='word_1_2' title='bbox 890 383 1072 449; x_wconf 86' lang='lat' dir='ltr'><strong>LIB.</strong></span> <span class='ocrx_word' id='word_1_3' title='bbox 1116 382 1333 448; x_wconf 87' lang='lat' dir='ltr'><strong>v111.</strong></span> <span class='ocrx_word' id='word_1_4' title='bbox 1393 383 1601 450; x_wconf 83' lang='lat' dir='ltr'><strong>cAP.</strong></span> <span class='ocrx_word' id='word_1_5' title='bbox 1658 362 2014 452; x_wconf 76' lang='lat' dir='ltr'><strong>xxxlx.</strong></span> <span class='ocrx_word' id='word_1_6' title='bbox 2391 383 2526 460; x_wconf 83' lang='lat'><strong>515</strong></span> 
     </span>
    </p>
   </div>
   <div class='ocr_carea' id='block_1_2' title="bbox 369 502 2614 3990">
    <p class='ocr_par' dir='ltr' id='par_1_2' title="bbox 369 502 2614 3359">
     <span class='ocr_line' id='line_1_2' title="bbox 397 502 2614 603; baseline 0.001 -25"><span class='ocrx_word' id='word_1_7' title='bbox 397 508 726 578; x_wconf 88' lang='lat' dir='ltr'><strong>minatim</strong></span> <span class='ocrx_word' id='word_1_8' title='bbox 754 502 840 574; x_wconf 90' lang='lat' dir='ltr'><strong>ad</strong></span> <span class='ocrx_word' id='word_1_9' title='bbox 869 502 1269 575; x_wconf 85' lang='lat' dir='ltr'><strong>iterandam</strong></span> <span class='ocrx_word' id='word_1_10' title='bbox 1304 528 1551 575; x_wconf 89' lang='lat' dir='ltr'><strong>secum</strong></span> <span class='ocrx_word' id='word_1_11' title='bbox 1587 530 1905 603; x_wconf 88' lang='lat' dir='ltr'><strong>pugnam</strong></span> <span class='ocrx_word' id='word_1_12' title='bbox 1936 532 2215 578; x_wconf 84' lang='lat' dir='ltr'><strong>vocare.</strong></span> <span class='ocrx_word' id='word_1_13' title='bbox 2248 514 2529 580; x_wconf 89' lang='lat' dir='ltr'><strong>Novato</strong></span> <span class='ocrx_word' id='word_1_14' title='bbox 2612 520 2614 522; x_wconf 76' lang='grc'><strong><em>’</em></strong></span> 
     </span>
     <span class='ocr_line' id='line_1_3' title="bbox 400 604 2531 716; baseline 0.002 -28"><span class='ocrx_word' id='word_1_15' title='bbox 400 618 711 689; x_wconf 87' lang='lat' dir='ltr'><strong>clamore</strong></span> <span class='ocrx_word' id='word_1_16' title='bbox 733 671 752 704; x_wconf 86' lang='lat'><strong>,</strong></span> <span class='ocrx_word' id='word_1_17' title='bbox 792 617 992 712; x_wconf 88' lang='lat' dir='ltr'><strong>signa</strong></span> <span class='ocrx_word' id='word_1_18' title='bbox 1040 604 1499 705; x_wconf 80' lang='lat' dir='ltr'><strong>inferuntur3</strong></span> <span class='ocrx_word' id='word_1_19' title='bbox 1554 631 1626 687; x_wconf 91' lang='lat' dir='ltr'><strong>et</strong></span> <span class='ocrx_word' id='word_1_20' title='bbox 1651 672 1670 705; x_wconf 88' lang='lat'>‚</span> <span class='ocrx_word' id='word_1_21' title='bbox 1718 617 2076 714; x_wconf 89' lang='lat' dir='ltr'><strong>quidquid</strong></span> <span class='ocrx_word' id='word_1_22' title='bbox 2123 620 2531 716; x_wconf 88' lang='lat' dir='ltr'><strong>progredie-</strong></span> 
     </span>
     <span class='ocr_line' id='line_1_4' title="bbox 396 715 2526 823; baseline 0.001 -26"><span class='ocrx_word' id='word_1_23' title='bbox 396 715 667 799; x_wconf 83' lang='lat' dir='ltr'>bantur</span> <span class='ocrx_word' id='word_1_24' title='bbox 687 737 739 813; x_wconf 74' lang='lat'><strong>2,</strong></span> <span class='ocrx_word' id='word_1_25' title='bbox 778 726 1001 822; x_wconf 87' lang='lat' dir='ltr'><strong>magis</strong></span> <span class='ocrx_word' id='word_1_26' title='bbox 1043 727 1414 823; x_wconf 84' lang='lat' dir='ltr'><strong>magisque</strong></span> <span class='ocrx_word' id='word_1_27' title='bbox 1454 726 1784 798; x_wconf 90' lang='lat' dir='ltr'><strong>turbatos</strong></span> <span class='ocrx_word' id='word_1_28' title='bbox 1828 726 2072 797; x_wconf 89' lang='lat' dir='ltr'><strong>hostes</strong></span> <span class='ocrx_word' id='word_1_29' title='bbox 2113 727 2526 799; x_wconf 85' lang='lat' dir='ltr'><strong>cernebant.</strong></span> 
     </span>
     <span class='ocr_line' id='line_1_5' title="bbox 396 837 2527 935; baseline 0 -26"><span class='ocrx_word' id='word_1_30' title='bbox 396 844 633 935; x_wconf 88' lang='lat' dir='ltr'><strong>Eques</strong></span> <span class='ocrx_word' id='word_1_31' title='bbox 675 838 827 933; x_wconf 90' lang='lat' dir='ltr'><strong>ipse</strong></span> <span class='ocrx_word' id='word_1_32' title='bbox 861 837 1009 931; x_wconf 85' lang='lat' dir='ltr'><strong>jam</strong></span> <span class='ocrx_word' id='word_1_33' title='bbox 1052 838 1303 934; x_wconf 88' lang='lat' dir='ltr'><strong>primis</strong></span> <span class='ocrx_word' id='word_1_34' title='bbox 1350 852 1504 907; x_wconf 89' lang='lat' dir='ltr'><strong>erat</strong></span> <span class='ocrx_word' id='word_1_35' title='bbox 1551 839 1627 907; x_wconf 93' lang='lat' dir='ltr'><strong>in</strong></span> <span class='ocrx_word' id='word_1_36' title='bbox 1675 852 2108 935; x_wconf 89' lang='lat' dir='ltr'><strong>conspectu:</strong></span> <span class='ocrx_word' id='word_1_37' title='bbox 2151 852 2223 908; x_wconf 88' lang='lat' dir='ltr'><strong>et</strong></span> <span class='ocrx_word' id='word_1_38' title='bbox 2261 841 2527 910; x_wconf 91' lang='lat' dir='ltr'><strong>Corne-</strong></span> 
     </span>
     <span class='ocr_line' id='line_1_6' title="bbox 397 934 2530 1045; baseline 0 -26"><span class='ocrx_word' id='word_1_39' title='bbox 397 948 573 1037; x_wconf 86' lang='lat' dir='ltr'><strong>lius,</strong></span> <span class='ocrx_word' id='word_1_40' title='bbox 617 947 1007 1044; x_wconf 86' lang='lat' dir='ltr'><strong>respiciens</strong></span> <span class='ocrx_word' id='word_1_41' title='bbox 1048 946 1137 1017; x_wconf 87' lang='lat' dir='ltr'><strong>ad</strong></span> <span class='ocrx_word' id='word_1_42' title='bbox 1177 947 1585 1044; x_wconf 75' lang='lat' dir='ltr'><strong>manipulos</strong></span> <span class='ocrx_word' id='word_1_43' title='bbox 1625 947 1975 1036; x_wconf 83' lang='lat' dir='ltr'><strong>militum,</strong></span> <span class='ocrx_word' id='word_1_44' title='bbox 2025 949 2227 1045; x_wconf 92' lang='lat' dir='ltr'><strong>quod</strong></span> <span class='ocrx_word' id='word_1_45' title='bbox 2271 934 2530 1038; x_wconf 82' lang='lat' dir='ltr'><strong>mann,</strong></span> 
     </span>
     <span class='ocr_line' id='line_1_7' title="bbox 398 1048 2531 1157; baseline 0 -28"><span class='ocrx_word' id='word_1_46' title='bbox 398 1059 595 1157; x_wconf 91' lang='lat' dir='ltr'><strong>quod</strong></span> <span class='ocrx_word' id='word_1_47' title='bbox 644 1082 821 1128; x_wconf 89' lang='lat' dir='ltr'><strong>voce</strong></span> <span class='ocrx_word' id='word_1_48' title='bbox 873 1071 1193 1154; x_wconf 88' lang='lat' dir='ltr'><strong>poterat,</strong></span> <span class='ocrx_word' id='word_1_49' title='bbox 1247 1057 1736 1146; x_wconf 79' lang='lat' dir='ltr'><strong>monstrabat,</strong></span> <span class='ocrx_word' id='word_1_50' title='bbox 1788 1060 2045 1129; x_wconf 85' lang='lat' dir='ltr'><strong>vexilla</strong></span> <span class='ocrx_word' id='word_1_51' title='bbox 2097 1084 2172 1130; x_wconf 90' lang='lat' dir='ltr'><strong>se</strong></span> <span class='ocrx_word' id='word_1_52' title='bbox 2232 1048 2531 1130; x_wconf 79' lang='lat' dir='ltr'><strong>suorum</strong></span> 
     </span>
     <span class='ocr_line' id='line_1_8' title="bbox 395 1168 2531 1267; baseline 0.001 -28"><span class='ocrx_word' id='word_1_53' title='bbox 395 1193 826 1267; x_wconf 86' lang='lat' dir='ltr'><strong>parmasque</strong></span> <span class='ocrx_word' id='word_1_54' title='bbox 877 1193 1172 1240; x_wconf 88' lang='lat' dir='ltr'><strong>cernere</strong></span> <span class='ocrx_word' id='word_1_55' title='bbox 1223 1170 1576 1264; x_wconf 87' lang='lat' dir='ltr'><strong>equitum.</strong></span> <span class='ocrx_word' id='word_1_56' title='bbox 1634 1168 1854 1260; x_wconf 89' lang='lat' dir='ltr'><strong>Quod</strong></span> <span class='ocrx_word' id='word_1_57' title='bbox 1900 1168 2027 1239; x_wconf 86' lang='lat' dir='ltr'><strong>ubi</strong></span> <span class='ocrx_word' id='word_1_58' title='bbox 2078 1170 2402 1242; x_wconf 88' lang='lat' dir='ltr'><strong>auditum</strong></span> <span class='ocrx_word' id='word_1_59' title='bbox 2441 1174 2531 1241; x_wconf 90' lang='lat' dir='ltr'><strong>si-</strong></span> 
     </span>
     <span class='ocr_line' id='line_1_9' title="bbox 394 1278 2533 1378; baseline 0 -29"><span class='ocrx_word' id='word_1_60' title='bbox 394 1281 697 1375; x_wconf 90' lang='lat' dir='ltr'><strong>mulque</strong></span> <span class='ocrx_word' id='word_1_61' title='bbox 745 1279 981 1350; x_wconf 81' lang='lat' dir='ltr'><strong>visum</strong></span> <span class='ocrx_word' id='word_1_62' title='bbox 1028 1294 1166 1369; x_wconf 83' lang='lat' dir='ltr'><strong>est,</strong></span> <span class='ocrx_word' id='word_1_63' title='bbox 1213 1278 1400 1350; x_wconf 88' lang='lat' dir='ltr'><strong>adeo</strong></span> <span class='ocrx_word' id='word_1_64' title='bbox 1441 1293 1747 1377; x_wconf 88' lang='lat' dir='ltr'><strong>repente</strong></span> <span class='ocrx_word' id='word_1_65' title='bbox 1802 1278 2105 1368; x_wconf 77' lang='lat' dir='ltr'><strong>laboriS,</strong></span> <span class='ocrx_word' id='word_1_66' title='bbox 2155 1305 2288 1378; x_wconf 90' lang='lat' dir='ltr'><strong>per</strong></span> <span class='ocrx_word' id='word_1_67' title='bbox 2340 1281 2533 1351; x_wconf 90' lang='lat' dir='ltr'><strong>diem</strong></span> 
     </span>
     <span class='ocr_line' id='line_1_10' title="bbox 395 1390 2534 1486; baseline 0.001 -26"><span class='ocrx_word' id='word_1_68' title='bbox 395 1414 608 1486; x_wconf 80' lang='lat' dir='ltr'><strong>paene</strong></span> <span class='ocrx_word' id='word_1_69' title='bbox 665 1404 900 1461; x_wconf 90' lang='lat' dir='ltr'><strong>totum</strong></span> <span class='ocrx_word' id='word_1_70' title='bbox 947 1390 1276 1479; x_wconf 83' lang='lat' dir='ltr'><strong>tolerati,</strong></span> <span class='ocrx_word' id='word_1_71' title='bbox 1325 1390 1862 1486; x_wconf 85' lang='lat' dir='ltr'><strong>vulnerumque</strong></span> <span class='ocrx_word' id='word_1_72' title='bbox 1922 1390 2129 1460; x_wconf 81' lang='lat' dir='ltr'><strong>obliti</strong></span> <span class='ocrx_word' id='word_1_73' title='bbox 2183 1405 2393 1481; x_wconf 86' lang='lat' dir='ltr'><strong>sunt,</strong></span> <span class='ocrx_word' id='word_1_74' title='bbox 2453 1406 2534 1462; x_wconf 86' lang='lat' dir='ltr'><strong>ut</strong></span> 
     </span>
     <span class='ocr_line' id='line_1_11' title="bbox 392 1499 2531 1599; baseline 0 -28"><span class='ocrx_word' id='word_1_75' title='bbox 392 1499 590 1571; x_wconf 86' lang='lat' dir='ltr'><strong>haud</strong></span> <span class='ocrx_word' id='word_1_76' title='bbox 629 1524 865 1590; x_wconf 85' lang='lat' dir='ltr'><strong>secus,</strong></span> <span class='ocrx_word' id='word_1_77' title='bbox 898 1513 1118 1598; x_wconf 83' lang='lat' dir='ltr'><strong>quam</strong></span> <span class='ocrx_word' id='word_1_78' title='bbox 1146 1501 1206 1571; x_wconf 78' lang='lat' dir='ltr'><strong>si:</strong></span> <span class='ocrx_word' id='word_1_79' title='bbox 1237 1515 1394 1571; x_wconf 89' lang='lat' dir='ltr'><strong>tum</strong></span> <span class='ocrx_word' id='word_1_80' title='bbox 1423 1502 1685 1598; x_wconf 84' lang='lat' dir='ltr'><strong>integri</strong></span> <span class='ocrx_word' id='word_1_81' title='bbox 1713 1527 1752 1572; x_wconf 92' lang='lat' dir='ltr'><strong>e</strong></span> <span class='ocrx_word' id='word_1_82' title='bbox 1787 1503 2033 1572; x_wconf 85' lang='lat' dir='ltr'><strong>castris</strong></span> <span class='ocrx_word' id='word_1_83' title='bbox 2068 1504 2353 1599; x_wconf 89' lang='lat' dir='ltr'><strong>signum</strong></span> <span class='ocrx_word' id='word_1_84' title='bbox 2392 1526 2531 1599; x_wconf 90' lang='lat' dir='ltr'><strong>pu·-</strong></span> 
     </span>
     <span class='ocr_line' id='line_1_12' title="bbox 394 1610 2529 1709; baseline 0 -28"><span class='ocrx_word' id='word_1_85' title='bbox 394 1613 1065 1709; x_wconf 84' lang='lat' dir='ltr'><strong>gnae-accepissent,</strong></span> <span class='ocrx_word' id='word_1_86' title='bbox 1113 1613 1629 1682; x_wconf 87' lang='lat' dir='ltr'><strong>concitaverint</strong></span> <span class='ocrx_word' id='word_1_87' title='bbox 1666 1635 1741 1681; x_wconf 91' lang='lat' dir='ltr'><strong>se</strong></span> <span class='ocrx_word' id='word_1_88' title='bbox 1779 1612 1857 1680; x_wconf 89' lang='lat' dir='ltr'><strong>in</strong></span> <span class='ocrx_word' id='word_1_89' title='bbox 1893 1610 2195 1681; x_wconf 87' lang='lat' dir='ltr'><strong>hostem.</strong></span> <span class='ocrx_word' id='word_1_90' title='bbox 2241 1615 2390 1683; x_wconf 90' lang='lat' dir='ltr'><strong>Nec</strong></span> <span class='ocrx_word' id='word_1_91' title='bbox 2424 1612 2529 1681; x_wconf 90' lang='lat' dir='ltr'><strong>ul-</strong></span> 
     </span>
     <span class='ocr_line' id='line_1_13' title="bbox 396 1722 2529 1819; baseline 0.001 -28"><span class='ocrx_word' id='word_1_92' title='bbox 396 1735 505 1792; x_wconf 89' lang='lat' dir='ltr'><strong>tra</strong></span> <span class='ocrx_word' id='word_1_93' title='bbox 554 1724 832 1792; x_wconf 90' lang='lat' dir='ltr'><strong>Samnis</strong></span> <span class='ocrx_word' id='word_1_94' title='bbox 881 1722 1193 1793; x_wconf 87' lang='lat' dir='ltr'><strong>tolerare</strong></span> <span class='ocrx_word' id='word_1_95' title='bbox 1241 1737 1599 1793; x_wconf 88' lang='lat' dir='ltr'><strong>terrorem</strong></span> <span class='ocrx_word' id='word_1_96' title='bbox 1643 1723 1975 1818; x_wconf 87' lang='lat' dir='ltr'><strong>equitum</strong></span> <span class='ocrx_word' id='word_1_97' title='bbox 1994 1776 2016 1810; x_wconf 86' lang='lat'><strong>,</strong></span> <span class='ocrx_word' id='word_1_98' title='bbox 2055 1722 2529 1819; x_wconf 89' lang='lat' dir='ltr'><strong>peditumque</strong></span> 
     </span>
     <span class='ocr_line' id='line_1_14' title="bbox 392 1831 2529 1931; baseline 0.001 -31"><span class='ocrx_word' id='word_1_99' title='bbox 392 1832 538 1900; x_wconf 85' lang='lat' dir='ltr'><strong>vim</strong></span> <span class='ocrx_word' id='word_1_100' title='bbox 575 1833 810 1929; x_wconf 90' lang='lat' dir='ltr'><strong>potuit</strong></span> <span class='ocrx_word' id='word_1_101' title='bbox 844 1860 859 1899; x_wconf 76' lang='grc' dir='ltr'><strong><em>ε</em></strong></span> <span class='ocrx_word' id='word_1_102' title='bbox 902 1834 1163 1930; x_wconf 87' lang='lat' dir='ltr'><strong>partim</strong></span> <span class='ocrx_word' id='word_1_103' title='bbox 1206 1833 1282 1902; x_wconf 91' lang='lat' dir='ltr'><strong>in</strong></span> <span class='ocrx_word' id='word_1_104' title='bbox 1323 1834 1567 1903; x_wconf 91' lang='lat' dir='ltr'><strong>medio</strong></span> <span class='ocrx_word' id='word_1_105' title='bbox 1612 1836 1806 1923; x_wconf 81' lang='lat' dir='ltr'><strong>caesi,</strong></span> <span class='ocrx_word' id='word_1_106' title='bbox 1860 1834 2122 1931; x_wconf 88' lang='lat' dir='ltr'><strong>partim</strong></span> <span class='ocrx_word' id='word_1_107' title='bbox 2167 1834 2243 1902; x_wconf 92' lang='lat' dir='ltr'><strong>in</strong></span> <span class='ocrx_word' id='word_1_108' title='bbox 2289 1831 2529 1929; x_wconf 86' lang='lat' dir='ltr'><strong>fugam</strong></span> 
     </span>
     <span class='ocr_line' id='line_1_15' title="bbox 395 1934 2530 2038; baseline 0.002 -29"><span class='ocrx_word' id='word_1_109' title='bbox 395 1934 719 2038; x_wconf 81' lang='lat' dir='ltr'><strong>dissipa&#39;ti</strong></span> <span class='ocrx_word' id='word_1_110' title='bbox 752 1955 945 2013; x_wconf 88' lang='lat' dir='ltr'><strong>sunt.</strong></span> <span class='ocrx_word' id='word_1_111' title='bbox 985 1941 1213 2013; x_wconf 87' lang='lat' dir='ltr'><strong>Pedes</strong></span> <span class='ocrx_word' id='word_1_112' title='bbox 1252 1957 1606 2014; x_wconf 89' lang='lat' dir='ltr'><strong>restantes</strong></span> <span class='ocrx_word' id='word_1_113' title='bbox 1653 1968 1733 2013; x_wconf 91' lang='lat' dir='ltr'><strong>ac</strong></span> <span class='ocrx_word' id='word_1_114' title='bbox 1778 1943 2309 2014; x_wconf 88' lang='lat' dir='ltr'><strong>circumventos</strong></span> <span class='ocrx_word' id='word_1_115' title='bbox 2351 1944 2530 2013; x_wconf 91' lang='lat' dir='ltr'><strong>ceci-</strong></span> 
     </span>
     <span class='ocr_line' id='line_1_16' title="bbox 394 2049 2532 2152; baseline 0.002 -31"><span class='ocrx_word' id='word_1_116' title='bbox 394 2049 499 2121; x_wconf 86' lang='lat' dir='ltr'><strong>dit.</strong></span> <span class='ocrx_word' id='word_1_117' title='bbox 530 2078 544 2119; x_wconf 73' lang='grc' dir='ltr'><strong><em>ε</em></strong></span> <span class='ocrx_word' id='word_1_118' title='bbox 580 2049 671 2122; x_wconf 85' lang='lat' dir='ltr'><strong>ab</strong></span> <span class='ocrx_word' id='word_1_119' title='bbox 701 2054 944 2149; x_wconf 89' lang='lat' dir='ltr'><strong>equite</strong></span> <span class='ocrx_word' id='word_1_120' title='bbox 975 2051 1407 2148; x_wconf 86' lang='lat' dir='ltr'><strong>fugientium</strong></span> <span class='ocrx_word' id='word_1_121' title='bbox 1437 2069 1704 2151; x_wconf 87' lang='lat' dir='ltr'><strong>strages</strong></span> <span class='ocrx_word' id='word_1_122' title='bbox 1738 2070 1844 2124; x_wconf 90' lang='lat' dir='ltr'><strong>est</strong></span> <span class='ocrx_word' id='word_1_123' title='bbox 1874 2052 2093 2147; x_wconf 77' lang='lat' dir='ltr'><strong>facta3</strong></span> <span class='ocrx_word' id='word_1_124' title='bbox 2127 2055 2316 2124; x_wconf 90' lang='lat' dir='ltr'><strong>inter</strong></span> <span class='ocrx_word' id='word_1_125' title='bbox 2348 2078 2532 2152; x_wconf 89' lang='lat' dir='ltr'><strong>quos</strong></span> 
     </span>
     <span class='ocr_line' id='line_1_17' title="bbox 397 2162 2535 2262; baseline 0.001 -31"><span class='ocrx_word' id='word_1_126' title='bbox 397 2175 472 2231; x_wconf 88' lang='lat' dir='ltr'><strong>et·</strong></span> <span class='ocrx_word' id='word_1_127' title='bbox 505 2162 654 2259; x_wconf 88' lang='lat' dir='ltr'><strong>ipse</strong></span> <span class='ocrx_word' id='word_1_128' title='bbox 690 2164 1084 2261; x_wconf 87' lang='lat' dir='ltr'><strong>imperator</strong></span> <span class='ocrx_word' id='word_1_129' title='bbox 1124 2164 1405 2236; x_wconf 90' lang='lat' dir='ltr'><strong>cecidit.</strong></span> <span class='ocrx_word' id='word_1_130' title='bbox 1450 2172 1606 2236; x_wconf 92' lang='lat' dir='ltr'><strong>Hoc</strong></span> <span class='ocrx_word' id='word_1_131' title='bbox 1647 2165 1938 2236; x_wconf 86' lang='lat' dir='ltr'><strong>demum</strong></span> <span class='ocrx_word' id='word_1_132' title='bbox 1980 2166 2306 2262; x_wconf 82' lang='lat' dir='ltr'><strong>praelium</strong></span> <span class='ocrx_word' id='word_1_133' title='bbox 2341 2170 2535 2235; x_wconf 90' lang='lat' dir='ltr'><strong>Sam-</strong></span> 
     </span>
     <span class='ocr_line' id='line_1_18' title="bbox 395 2272 2531 2373; baseline 0.004 -34"><span class='ocrx_word' id='word_1_134' title='bbox 395 2272 657 2342; x_wconf 86' lang='lat' dir='ltr'><strong>nitium</strong></span> <span class='ocrx_word' id='word_1_135' title='bbox 693 2297 809 2344; x_wconf 89' lang='lat' dir='ltr'><strong>res</strong></span> <span class='ocrx_word' id='word_1_136' title='bbox 862 2275 960 2344; x_wconf 87' lang='lat' dir='ltr'><strong>ita</strong></span> <span class='ocrx_word' id='word_1_137' title='bbox 1014 2273 1345 2373; x_wconf 86' lang='lat' dir='ltr'><strong>infregit,</strong></span> <span class='ocrx_word' id='word_1_138' title='bbox 1390 2291 1472 2346; x_wconf 91' lang='lat' dir='ltr'><strong>ut</strong></span> <span class='ocrx_word' id='word_1_139' title='bbox 1523 2275 1867 2347; x_wconf 90' lang='lat' dir='ltr'><strong>omnibus</strong></span> <span class='ocrx_word' id='word_1_140' title='bbox 1911 2276 2231 2346; x_wconf 89' lang='lat' dir='ltr'><strong>conciliis</strong></span> <span class='ocrx_word' id='word_1_141' title='bbox 2282 2274 2531 2348; x_wconf 87' lang='lat' dir='ltr'><strong>freme-</strong></span> 
     </span>
     <span class='ocr_line' id='line_1_19' title="bbox 392 2384 2526 2483; baseline 0.005 -35"><span class='ocrx_word' id='word_1_142' title='bbox 392 2394 560 2449; x_wconf 90' lang='lat' dir='ltr'><strong>rent</strong></span> <span class='ocrx_word' id='word_1_143' title='bbox 578 2435 598 2467; x_wconf 96' lang='lat'><strong>,</strong></span> <span class='ocrx_word' id='word_1_144' title='bbox 641 2388 936 2470; x_wconf 77' lang='lat' dir='ltr'><strong>minime</strong></span> <span class='ocrx_word' id='word_1_145' title='bbox 973 2384 1055 2454; x_wconf 76' lang='lat' dir='ltr'><strong>id</strong></span> <span class='ocrx_word' id='word_1_146' title='bbox 1086 2384 1375 2482; x_wconf 83' lang='lat' dir='ltr'><strong>quidem</strong></span> <span class='ocrx_word' id='word_1_147' title='bbox 1420 2392 1684 2457; x_wconf 81' lang='lat' dir='ltr'><strong>mirum</strong></span> <span class='ocrx_word' id='word_1_148' title='bbox 1732 2412 1882 2458; x_wconf 86' lang='lat' dir='ltr'><strong>esse</strong></span> <span class='ocrx_word' id='word_1_149' title='bbox 1902 2442 1920 2472; x_wconf 89' lang='lat'><strong>,</strong></span> <span class='ocrx_word' id='word_1_150' title='bbox 1974 2393 2039 2457; x_wconf 81' lang='lat' dir='ltr'><strong>si</strong></span> <span class='ocrx_word' id='word_1_151' title='bbox 2068 2392 2294 2483; x_wconf 14' lang='lat' dir='ltr'><strong>*impio</strong></span> <span class='ocrx_word' id='word_1_152' title='bbox 2341 2385 2526 2458; x_wconf 86' lang='lat' dir='ltr'><strong>bello</strong></span> 
     </span>
     <span class='ocr_line' id='line_1_20' title="bbox 392 2493 2577 2592; baseline 0.005 -34"><span class='ocrx_word' id='word_1_153' title='bbox 392 2505 464 2559; x_wconf 89' lang='lat' dir='ltr'><strong>et</strong></span> <span class='ocrx_word' id='word_1_154' title='bbox 511 2508 763 2561; x_wconf 79' lang='lat' dir='ltr'><strong>eontra</strong></span> <span class='ocrx_word' id='word_1_155' title='bbox 797 2495 1050 2581; x_wconf 77' lang='lat' dir='ltr'><strong>fiedus</strong></span> <span class='ocrx_word' id='word_1_156' title='bbox 1099 2512 1429 2592; x_wconf 82' lang='lat' dir='ltr'><strong>suscepto</strong></span> <span class='ocrx_word' id='word_1_157' title='bbox 1456 2493 1511 2581; x_wconf 80' lang='lat'><strong>³,</strong></span> <span class='ocrx_word' id='word_1_158' title='bbox 1563 2497 2047 2587; x_wconf 72' lang='lat' dir='ltr'><strong>infistioribus</strong></span> <span class='ocrx_word' id='word_1_159' title='bbox 2093 2501 2343 2568; x_wconf 79' lang='lat' dir='ltr'><strong>merito</strong></span> <span class='ocrx_word' id='word_1_160' title='bbox 2394 2498 2529 2569; x_wconf 79' lang='lat' dir='ltr'><strong>dlis</strong></span> <span class='ocrx_word' id='word_1_161' title='bbox 2573 2549 2577 2562; x_wconf 77' lang='grc'><strong>.</strong></span> 
     </span>
     <span class='ocr_line' id='line_1_21' title="bbox 392 2600 2525 2708; baseline 0.004 -39"><span class='ocrx_word' id='word_1_162' title='bbox 392 2625 623 2696; x_wconf 79' lang='lat' dir='ltr'><strong>quam</strong></span> <span class='ocrx_word' id='word_1_163' title='bbox 647 2600 1088 2688; x_wconf 74' lang='lat' dir='ltr'><strong>homim&#39;buS,</strong></span> <span class='ocrx_word' id='word_1_164' title='bbox 1132 2604 1319 2674; x_wconf 73' lang='lat' dir='ltr'><strong>nihil</strong></span> <span class='ocrx_word' id='word_1_165' title='bbox 1326 2629 1677 2708; x_wconf 78' lang='lat' dir='ltr'><strong>prospere</strong></span> <span class='ocrx_word' id='word_1_166' title='bbox 1701 2623 2013 2701; x_wconf 78' lang='lat' dir='ltr'><strong>agerent.</strong></span> <span class='ocrx_word' id='word_1_167' title='bbox 2046 2605 2525 2703; x_wconf 68' lang='lat' dir='ltr'><strong>Expiandum</strong></span> 
     </span>
     <span class='ocr_line' id='line_1_22' title="bbox 393 2709 2525 2809; baseline 0.004 -32"><span class='ocrx_word' id='word_1_168' title='bbox 393 2710 478 2779; x_wconf 83' lang='lat' dir='ltr'><strong>id</strong></span> <span class='ocrx_word' id='word_1_169' title='bbox 518 2709 785 2782; x_wconf 78' lang='lat' dir='ltr'><strong>bellum</strong></span> <span class='ocrx_word' id='word_1_170' title='bbox 832 2737 1103 2808; x_wconf 81' lang='lat' dir='ltr'><strong>magna</strong></span> <span class='ocrx_word' id='word_1_171' title='bbox 1149 2713 1480 2784; x_wconf 83' lang='lat' dir='ltr'><strong>mercede</strong></span> <span class='ocrx_word' id='word_1_172' title='bbox 1531 2713 2019 2809; x_wconf 80' lang='lat' dir='ltr'><strong>luendumque</strong></span> <span class='ocrx_word' id='word_1_173' title='bbox 2069 2738 2236 2785; x_wconf 75' lang='lat' dir='ltr'><strong>esse.</strong></span> <span class='ocrx_word' id='word_1_174' title='bbox 2286 2715 2386 2784; x_wconf 89' lang='lat' dir='ltr'><strong>Id</strong></span> <span class='ocrx_word' id='word_1_175' title='bbox 2421 2739 2525 2785; x_wconf 89' lang='lat' dir='ltr'><strong>re-</strong></span> 
     </span>
     <span class='ocr_line' id='line_1_23' title="bbox 369 2822 2524 2921; baseline 0.003 -32"><span class='ocrx_word' id='word_1_176' title='bbox 369 2823 576 2910; x_wconf 75' lang='lat' dir='ltr'><strong>ferre</strong></span> <span class='ocrx_word' id='word_1_177' title='bbox 619 2838 898 2894; x_wconf 79' lang='lat' dir='ltr'><strong>tantum</strong></span> <span class='ocrx_word' id='word_1_178' title='bbox 914 2878 933 2909; x_wconf 91' lang='lat'><strong>,</strong></span> <span class='ocrx_word' id='word_1_179' title='bbox 976 2838 1214 2893; x_wconf 83' lang='lat' dir='ltr'><strong>utrum</strong></span> <span class='ocrx_word' id='word_1_180' title='bbox 1253 2822 1614 2921; x_wconf 56' lang='lat' dir='ltr'><strong>suppltec&#39;a</strong></span> <span class='ocrx_word' id='word_1_181' title='bbox 1658 2829 1886 2894; x_wconf 79' lang='lat' dir='ltr'><strong>noxio</strong></span> <span class='ocrx_word' id='word_1_182' title='bbox 1907 2849 2326 2920; x_wconf 81' lang='lat' dir='ltr'><strong>paucorum</strong></span> <span class='ocrx_word' id='word_1_183' title='bbox 2348 2880 2368 2912; x_wconf 87' lang='lat'><strong>,</strong></span> <span class='ocrx_word' id='word_1_184' title='bbox 2425 2850 2524 2895; x_wconf 86' lang='lat' dir='ltr'><strong>an</strong></span> 
     </span>
     <span class='ocr_line' id='line_1_24' title="bbox 391 2934 2527 3033; baseline 0.004 -32"><span class='ocrx_word' id='word_1_185' title='bbox 391 2939 717 3003; x_wconf 80' lang='lat' dir='ltr'><strong>omnium</strong></span> <span class='ocrx_word' id='word_1_186' title='bbox 779 2940 1078 3005; x_wconf 74' lang='lat' dir='ltr'><strong>innoxio</strong></span> <span class='ocrx_word' id='word_1_187' title='bbox 1120 2935 1517 3031; x_wconf 70' lang='lat' dir='ltr'><strong>praebeant</strong></span> <span class='ocrx_word' id='word_1_188' title='bbox 1565 2941 1961 3032; x_wconf 76' lang='lat' dir='ltr'><strong>sanguz‘ne5</strong></span> <span class='ocrx_word' id='word_1_189' title='bbox 2015 2934 2527 3033; x_wconf 87' lang='lat' dir='ltr'><strong>audebantque</strong></span> 
     </span>
     <span class='ocr_line' id='line_1_25' title="bbox 385 3040 2526 3138; baseline 0.006 -28"><span class='ocrx_word' id='word_1_190' title='bbox 385 3040 534 3135; x_wconf 85' lang='lat' dir='ltr'><strong>jam</strong></span> <span class='ocrx_word' id='word_1_191' title='bbox 600 3043 919 3138; x_wconf 30' lang='lat' dir='ltr'><strong>quidam,</strong></span> <span class='ocrx_word' id='word_1_192' title='bbox 954 3047 1328 3118; x_wconf 89' lang='lat' dir='ltr'><strong>nominare</strong></span> <span class='ocrx_word' id='word_1_193' title='bbox 1388 3061 1716 3118; x_wconf 89' lang='lat' dir='ltr'><strong>auctores</strong></span> <span class='ocrx_word' id='word_1_194' title='bbox 1770 3071 2136 3117; x_wconf 86' lang='lat' dir='ltr'><strong>armorum</strong></span> <span class='ocrx_word' id='word_1_195' title='bbox 2160 3050 2213 3116; x_wconf 73' lang='lat'><strong>4.</strong></span> <span class='ocrx_word' id='word_1_196' title='bbox 2279 3054 2526 3122; x_wconf 89' lang='lat' dir='ltr'><strong>Unum</strong></span> 
     </span>
     <span class='ocr_line' id='line_1_26' title="bbox 392 3206 2528 3280; baseline 0.005 -27"><span class='ocrx_word' id='word_1_197' title='bbox 392 3206 455 3254; x_wconf 80' lang='lat' dir='ltr'><strong>ad</strong></span> <span class='ocrx_word' id='word_1_198' title='bbox 482 3209 584 3266; x_wconf 90' lang='lat'><strong>111,</strong></span> <span class='ocrx_word' id='word_1_199' title='bbox 616 3209 710 3267; x_wconf 91' lang='lat'><strong>60,</strong></span> <span class='ocrx_word' id='word_1_200' title='bbox 736 3226 785 3257; x_wconf 90' lang='lat' dir='ltr'><strong>n.</strong></span> <span class='ocrx_word' id='word_1_201' title='bbox 822 3227 866 3269; x_wconf 88' lang='lat'><strong>7.</strong></span> <span class='ocrx_word' id='word_1_202' title='bbox 896 3238 966 3246; x_wconf 91' lang='lat'><strong>——</strong></span> <span class='ocrx_word' id='word_1_203' title='bbox 992 3213 1299 3260; x_wconf 80' lang='lat' dir='ltr'><strong>Nominatim</strong></span> <span class='ocrx_word' id='word_1_204' title='bbox 1326 3230 1416 3260; x_wconf 81' lang='lat' dir='ltr'><strong>vo-</strong></span> <span class='ocrx_word' id='word_1_205' title='bbox 1505 3226 1614 3262; x_wconf 83' lang='lat' dir='ltr'><strong>erae</strong></span> <span class='ocrx_word' id='word_1_206' title='bbox 1636 3214 1984 3278; x_wconf 73' lang='lat' dir='ltr'><strong>proximarum</strong></span> <span class='ocrx_word' id='word_1_207' title='bbox 2014 3212 2324 3263; x_wconf 78' lang='lat' dir='ltr'><strong>induciarum</strong></span> <span class='ocrx_word' id='word_1_208' title='bbox 2343 3228 2528 3280; x_wconf 82' lang='lat' dir='ltr'><strong>ruptor.</strong></span> 
     </span>
     <span class='ocr_line' id='line_1_27' title="bbox 391 3288 2531 3359; baseline 0.006 -28"><span class='ocrx_word' id='word_1_209' title='bbox 391 3301 537 3342; x_wconf 84' lang='lat' dir='ltr'><strong>care,</strong></span> <span class='ocrx_word' id='word_1_210' title='bbox 565 3288 735 3334; x_wconf 85' lang='lat' dir='ltr'><strong>confer</strong></span> <span class='ocrx_word' id='word_1_211' title='bbox 760 3288 823 3335; x_wconf 84' lang='lat' dir='ltr'><strong>ad</strong></span> <span class='ocrx_word' id='word_1_212' title='bbox 844 3291 996 3347; x_wconf 85' lang='lat' dir='ltr'><strong>XXI,</strong></span> <span class='ocrx_word' id='word_1_213' title='bbox 1027 3292 1090 3345; x_wconf 75' lang='lat'><strong>43</strong></span> <span class='ocrx_word' id='word_1_214' title='bbox 1116 3302 1239 3340; x_wconf 85' lang='lat' dir='ltr'><strong>extr.</strong></span> <span class='ocrx_word' id='word_1_215' title='bbox 1505 3296 1594 3340; x_wconf 87' lang='lat' dir='ltr'><strong>En.</strong></span> <span class='ocrx_word' id='word_1_216' title='bbox 1619 3319 1687 3332; x_wconf 87' lang='lat'><strong>—-</strong></span> <span class='ocrx_word' id='word_1_217' title='bbox 1716 3293 1785 3339; x_wconf 88' lang='lat' dir='ltr'><strong>Id</strong></span> <span class='ocrx_word' id='word_1_218' title='bbox 1805 3293 1983 3359; x_wconf 70' lang='lat' dir='ltr'><strong>referre</strong></span> <span class='ocrx_word' id='word_1_219' title='bbox 2007 3305 2223 3352; x_wconf 82' lang='lat' dir='ltr'><strong>tantum,</strong></span> <span class='ocrx_word' id='word_1_220' title='bbox 2256 3295 2353 3342; x_wconf 89' lang='lat' dir='ltr'><strong>hoc</strong></span> <span class='ocrx_word' id='word_1_221' title='bbox 2378 3296 2531 3344; x_wconf 87' lang='lat' dir='ltr'><strong>modo</strong></span> 
     </span>
    </p>

    <p class='ocr_par' dir='ltr' id='par_1_3' title="bbox 389 3366 2532 3751">
     <span class='ocr_line' id='line_1_28' title="bbox 463 3366 2529 3434; baseline 0.006 -23"><span class='ocrx_word' id='word_1_222' title='bbox 463 3381 513 3411; x_wconf 77' lang='lat'><strong>2.</strong></span> <span class='ocrx_word' id='word_1_223' title='bbox 545 3366 797 3432; x_wconf 80' lang='lat' dir='ltr'><strong>Quidquid</strong></span> <span class='ocrx_word' id='word_1_224' title='bbox 811 3368 1271 3432; x_wconf 74' lang='lat' dir='ltr'><strong>progrediebantur,</strong></span> <span class='ocrx_word' id='word_1_225' title='bbox 1301 3370 1416 3418; x_wconf 82' lang='lat' dir='ltr'><strong>vide</strong></span> <span class='ocrx_word' id='word_1_226' title='bbox 1505 3373 1760 3430; x_wconf 76' lang='lat' dir='ltr'><strong>interesse,</strong></span> <span class='ocrx_word' id='word_1_227' title='bbox 1801 3373 1854 3419; x_wconf 88' lang='lat' dir='ltr'><strong>id</strong></span> <span class='ocrx_word' id='word_1_228' title='bbox 1892 3372 2187 3421; x_wconf 77' lang='lat' dir='ltr'><strong>discriminis</strong></span> <span class='ocrx_word' id='word_1_229' title='bbox 2224 3391 2354 3434; x_wconf 89' lang='lat' dir='ltr'><strong>esse,</strong></span> <span class='ocrx_word' id='word_1_230' title='bbox 2383 3376 2445 3423; x_wconf 86' lang='lat' dir='ltr'><strong>de</strong></span> <span class='ocrx_word' id='word_1_231' title='bbox 2470 3393 2529 3423; x_wconf 87' lang='lat' dir='ltr'><strong>eo</strong></span> 
     </span>
     <span class='ocr_line' id='line_1_29' title="bbox 391 3444 2532 3515; baseline 0.006 -25"><span class='ocrx_word' id='word_1_232' title='bbox 391 3444 454 3490; x_wconf 83' lang='lat' dir='ltr'><strong>ad</strong></span> <span class='ocrx_word' id='word_1_233' title='bbox 467 3446 592 3504; x_wconf 88' lang='lat' dir='ltr'><strong>VII,</strong></span> <span class='ocrx_word' id='word_1_234' title='bbox 615 3448 674 3492; x_wconf 80' lang='lat'><strong>32</strong></span> <span class='ocrx_word' id='word_1_235' title='bbox 691 3463 767 3505; x_wconf 91' lang='lat' dir='ltr'><strong>‚n.</strong></span> <span class='ocrx_word' id='word_1_236' title='bbox 784 3449 829 3494; x_wconf 82' lang='lat'><strong>3.</strong></span> <span class='ocrx_word' id='word_1_237' title='bbox 844 3475 914 3483; x_wconf 92' lang='lat'><strong>-—</strong></span> <span class='ocrx_word' id='word_1_238' title='bbox 931 3449 1076 3509; x_wconf 82' lang='lat' dir='ltr'><strong>Quod</strong></span> <span class='ocrx_word' id='word_1_239' title='bbox 1086 3466 1260 3507; x_wconf 85' lang='lat' dir='ltr'><strong>manu,</strong></span> <span class='ocrx_word' id='word_1_240' title='bbox 1285 3452 1423 3515; x_wconf 85' lang='lat' dir='ltr'><strong>quod</strong></span> <span class='ocrx_word' id='word_1_241' title='bbox 1507 3451 1875 3499; x_wconf 84' lang='lat' dir='ltr'><strong>deliberandum</strong></span> <span class='ocrx_word' id='word_1_242' title='bbox 1902 3469 2030 3511; x_wconf 87' lang='lat' dir='ltr'><strong>esse,</strong></span> <span class='ocrx_word' id='word_1_243' title='bbox 2058 3468 2107 3499; x_wconf 81' lang='lat' dir='ltr'><strong>es</strong></span> <span class='ocrx_word' id='word_1_244' title='bbox 2132 3454 2275 3500; x_wconf 77' lang='lat' dir='ltr'><strong>kc&#39;ime</strong></span> <span class='ocrx_word' id='word_1_245' title='bbox 2299 3471 2396 3501; x_wconf 78' lang='lat' dir='ltr'><strong>nur</strong></span> <span class='ocrx_word' id='word_1_246' title='bbox 2419 3455 2532 3502; x_wconf 85' lang='lat' dir='ltr'><strong>dar·</strong></span> 
     </span>
     <span class='ocr_line' id='line_1_30' title="bbox 390 3525 2529 3600; baseline 0.006 -32"><span class='ocrx_word' id='word_1_247' title='bbox 390 3539 515 3570; x_wconf 77' lang='lat' dir='ltr'><strong>voce</strong></span> <span class='ocrx_word' id='word_1_248' title='bbox 529 3536 757 3587; x_wconf 80' lang='lat' dir='ltr'><strong>poterat,</strong></span> <span class='ocrx_word' id='word_1_249' title='bbox 801 3525 899 3573; x_wconf 88' lang='lat' dir='ltr'><strong>hoc</strong></span> <span class='ocrx_word' id='word_1_250' title='bbox 929 3538 1027 3587; x_wconf 90' lang='lat' dir='ltr'><strong>est,</strong></span> <span class='ocrx_word' id='word_1_251' title='bbox 1063 3541 1329 3591; x_wconf 81' lang='lat' dir='ltr'><strong>quantum3</strong></span> <span class='ocrx_word' id='word_1_252' title='bbox 1368 3542 1417 3578; x_wconf 87' lang='lat' dir='ltr'><strong>et</strong></span> <span class='ocrx_word' id='word_1_253' title='bbox 1507 3531 1609 3596; x_wconf 85' lang='lat' dir='ltr'><strong>auf</strong></span> <span class='ocrx_word' id='word_1_254' title='bbox 1621 3548 1713 3587; x_wconf 87' lang='lat' dir='ltr'><strong>an,</strong></span> <span class='ocrx_word' id='word_1_255' title='bbox 1756 3547 1851 3577; x_wconf 84' lang='lat' dir='ltr'><strong>nur</strong></span> <span class='ocrx_word' id='word_1_256' title='bbox 1892 3531 2002 3600; x_wconf 52' lang='lat' dir='ltr'><strong>dies·</strong></span> <span class='ocrx_word' id='word_1_257' title='bbox 2027 3532 2315 3598; x_wconf 74' lang='lat' dir='ltr'><strong>verschliige</strong></span> <span class='ocrx_word' id='word_1_258' title='bbox 2351 3545 2529 3591; x_wconf 77' lang='lat' dir='ltr'><strong>etwas;</strong></span> 
     </span>
     <span class='ocr_line' id='line_1_31' title="bbox 389 3605 2529 3673; baseline 0.004 -23"><span class='ocrx_word' id='word_1_259' title='bbox 389 3608 618 3668; x_wconf 73' lang='lat' dir='ltr'><strong>repetitIo</strong></span> <span class='ocrx_word' id='word_1_260' title='bbox 641 3610 726 3655; x_wconf 82' lang='grc' dir='ltr'><strong>τοῦ</strong></span> <span class='ocrx_word' id='word_1_261' title='bbox 749 3605 966 3670; x_wconf 84' lang='lat' dir='ltr'><strong>quodest</strong></span> <span class='ocrx_word' id='word_1_262' title='bbox 984 3607 1037 3653; x_wconf 88' lang='lat' dir='ltr'><strong>in</strong></span> <span class='ocrx_word' id='word_1_263' title='bbox 1051 3609 1297 3673; x_wconf 79' lang='lat' dir='ltr'><strong>emphasi,</strong></span> <span class='ocrx_word' id='word_1_264' title='bbox 1317 3621 1416 3658; x_wconf 82' lang='lat' dir='ltr'><strong>stu·</strong></span> <span class='ocrx_word' id='word_1_265' title='bbox 1508 3610 1693 3657; x_wconf 80' lang='lat' dir='ltr'><strong>Stroth.</strong></span> <span class='ocrx_word' id='word_1_266' title='bbox 1733 3610 1916 3657; x_wconf 84' lang='lat' dir='ltr'><strong>Confer</strong></span> <span class='ocrx_word' id='word_1_267' title='bbox 1944 3609 2006 3657; x_wconf 85' lang='lat' dir='ltr'><strong>ad</strong></span> <span class='ocrx_word' id='word_1_268' title='bbox 2034 3612 2084 3657; x_wconf 84' lang='lat'><strong>11</strong></span> <span class='ocrx_word' id='word_1_269' title='bbox 2101 3644 2115 3668; x_wconf 94' lang='lat'><strong>,</strong></span> <span class='ocrx_word' id='word_1_270' title='bbox 2144 3612 2171 3657; x_wconf 88' lang='lat'><strong>8</strong></span> <span class='ocrx_word' id='word_1_271' title='bbox 2190 3645 2203 3670; x_wconf 90' lang='lat'><strong>,</strong></span> <span class='ocrx_word' id='word_1_272' title='bbox 2230 3628 2281 3659; x_wconf 87' lang='lat' dir='ltr'><strong>n.</strong></span> <span class='ocrx_word' id='word_1_273' title='bbox 2318 3627 2376 3658; x_wconf 78' lang='lat'><strong>12</strong></span> <span class='ocrx_word' id='word_1_274' title='bbox 2401 3630 2415 3671; x_wconf 73' lang='grc' dir='ltr'><strong>ς</strong></span> <span class='ocrx_word' id='word_1_275' title='bbox 2442 3615 2529 3670; x_wconf 89' lang='lat' dir='ltr'><strong>IV,</strong></span> 
     </span>
     <span class='ocr_line' id='line_1_32' title="bbox 390 3682 2527 3751; baseline 0.005 -23"><span class='ocrx_word' id='word_1_276' title='bbox 390 3682 526 3729; x_wconf 85' lang='lat' dir='ltr'><strong>dium</strong></span> <span class='ocrx_word' id='word_1_277' title='bbox 551 3684 643 3730; x_wconf 77' lang='lat' dir='ltr'><strong>viri</strong></span> <span class='ocrx_word' id='word_1_278' title='bbox 672 3685 1000 3748; x_wconf 78' lang='lat' dir='ltr'><strong>exprimenre3</strong></span> <span class='ocrx_word' id='word_1_279' title='bbox 1029 3689 1141 3734; x_wconf 87' lang='lat' dir='ltr'><strong>Ern.</strong></span> <span class='ocrx_word' id='word_1_280' title='bbox 1506 3696 1603 3750; x_wconf 77' lang='lat'><strong>49,</strong></span> <span class='ocrx_word' id='word_1_281' title='bbox 1629 3705 1680 3735; x_wconf 88' lang='lat' dir='ltr'><strong>n.</strong></span> <span class='ocrx_word' id='word_1_282' title='bbox 1718 3704 1809 3747; x_wconf 74' lang='lat'><strong>123</strong></span> <span class='ocrx_word' id='word_1_283' title='bbox 1840 3691 1946 3747; x_wconf 92' lang='lat' dir='ltr'><strong>IX,</strong></span> <span class='ocrx_word' id='word_1_284' title='bbox 1975 3706 2034 3751; x_wconf 79' lang='lat'><strong>9,</strong></span> <span class='ocrx_word' id='word_1_285' title='bbox 2061 3706 2111 3736; x_wconf 79' lang='lat' dir='ltr'><strong>n.</strong></span> <span class='ocrx_word' id='word_1_286' title='bbox 2129 3692 2192 3747; x_wconf 89' lang='lat'><strong>6;</strong></span> <span class='ocrx_word' id='word_1_287' title='bbox 2239 3693 2408 3749; x_wconf 92' lang='lat' dir='ltr'><strong>XXV,</strong></span> <span class='ocrx_word' id='word_1_288' title='bbox 2440 3695 2527 3750; x_wconf 78' lang='lat'><strong>16,</strong></span> 
     </span>
    </p>

    <p class='ocr_par' dir='ltr' id='par_1_4' title="bbox 389 3763 2529 3990">
     <span class='ocr_line' id='line_1_33' title="bbox 461 3763 2529 3831; baseline 0.005 -24"><span class='ocrx_word' id='word_1_289' title='bbox 461 3763 508 3808; x_wconf 81' lang='lat'><strong>3.</strong></span> <span class='ocrx_word' id='word_1_290' title='bbox 535 3763 694 3827; x_wconf 77' lang='lat' dir='ltr'><strong>Impio</strong></span> <span class='ocrx_word' id='word_1_291' title='bbox 715 3764 838 3811; x_wconf 82' lang='lat' dir='ltr'><strong>bello</strong></span> <span class='ocrx_word' id='word_1_292' title='bbox 861 3776 909 3811; x_wconf 81' lang='lat' dir='ltr'><strong>ee</strong></span> <span class='ocrx_word' id='word_1_293' title='bbox 930 3778 1103 3813; x_wconf 85' lang='lat' dir='ltr'><strong>contra</strong></span> <span class='ocrx_word' id='word_1_294' title='bbox 1114 3765 1284 3831; x_wconf 80' lang='lat' dir='ltr'><strong>foedus</strong></span> <span class='ocrx_word' id='word_1_295' title='bbox 1309 3783 1410 3814; x_wconf 82' lang='lat' dir='ltr'><strong>sus·</strong></span> <span class='ocrx_word' id='word_1_296' title='bbox 1504 3784 1554 3815; x_wconf 90' lang='lat' dir='ltr'><strong>n.</strong></span> <span class='ocrx_word' id='word_1_297' title='bbox 1588 3782 1679 3828; x_wconf 78' lang='lat'><strong>103</strong></span> <span class='ocrx_word' id='word_1_298' title='bbox 1705 3769 1966 3827; x_wconf 78' lang='lat' dir='ltr'><strong>XXVIII,</strong></span> <span class='ocrx_word' id='word_1_299' title='bbox 1992 3784 2082 3831; x_wconf 85' lang='lat'><strong>19,</strong></span> <span class='ocrx_word' id='word_1_300' title='bbox 2104 3786 2155 3818; x_wconf 88' lang='lat' dir='ltr'><strong>n.</strong></span> <span class='ocrx_word' id='word_1_301' title='bbox 2187 3770 2233 3817; x_wconf 84' lang='grc'><strong>5.</strong></span> <span class='ocrx_word' id='word_1_302' title='bbox 2263 3771 2342 3818; x_wconf 88' lang='lat' dir='ltr'><strong>Sic</strong></span> <span class='ocrx_word' id='word_1_303' title='bbox 2380 3782 2428 3819; x_wconf 86' lang='lat' dir='ltr'><strong>et</strong></span> <span class='ocrx_word' id='word_1_304' title='bbox 2456 3772 2529 3819; x_wconf 85' lang='lat' dir='ltr'><strong>in-</strong></span> 
     </span>
     <span class='ocr_line' id='line_1_34' title="bbox 391 3841 2529 3911; baseline 0.005 -24"><span class='ocrx_word' id='word_1_305' title='bbox 391 3852 527 3905; x_wconf 76' lang='lat' dir='ltr'><strong>cepto</strong></span> <span class='ocrx_word' id='word_1_306' title='bbox 542 3860 562 3896; x_wconf 90' lang='grc'><em>;</em></span> <span class='ocrx_word' id='word_1_307' title='bbox 588 3841 683 3890; x_wconf 84' lang='lat' dir='ltr'><strong>hoe</strong></span> <span class='ocrx_word' id='word_1_308' title='bbox 710 3844 803 3901; x_wconf 86' lang='lat' dir='ltr'><strong>ait,</strong></span> <span class='ocrx_word' id='word_1_309' title='bbox 825 3845 960 3907; x_wconf 86' lang='lat' dir='ltr'><strong>quod</strong></span> <span class='ocrx_word' id='word_1_310' title='bbox 980 3846 1126 3909; x_wconf 85' lang='lat' dir='ltr'><strong>paulo</strong></span> <span class='ocrx_word' id='word_1_311' title='bbox 1147 3857 1259 3893; x_wconf 84' lang='lat' dir='ltr'><strong>ante</strong></span> <span class='ocrx_word' id='word_1_312' title='bbox 1279 3846 1414 3893; x_wconf 82' lang='lat' dir='ltr'><strong>dixe·</strong></span> <span class='ocrx_word' id='word_1_313' title='bbox 1505 3858 1677 3902; x_wconf 56' lang='lat' dir='ltr'><strong>ceresse</strong></span> <span class='ocrx_word' id='word_1_314' title='bbox 1699 3848 1880 3911; x_wconf 81' lang='lat' dir='ltr'><strong>passim</strong></span> <span class='ocrx_word' id='word_1_315' title='bbox 1905 3846 2114 3905; x_wconf 86' lang='lat' dir='ltr'><strong>dicitur,</strong></span> <span class='ocrx_word' id='word_1_316' title='bbox 2154 3859 2210 3906; x_wconf 69' lang='lat' dir='ltr'><strong>qt</strong></span> <span class='ocrx_word' id='word_1_317' title='bbox 2235 3850 2438 3908; x_wconf 91' lang='lat' dir='ltr'><strong>XXVI,</strong></span> <span class='ocrx_word' id='word_1_318' title='bbox 2463 3869 2490 3897; x_wconf 80' lang='lat'><strong>2</strong></span> <span class='ocrx_word' id='word_1_319' title='bbox 2517 3887 2529 3908; x_wconf 78' lang='lat'><strong>,</strong></span> 
     </span>
     <span class='ocr_line' id='line_1_35' title="bbox 389 3922 2529 3990; baseline 0.006 -25"><span class='ocrx_word' id='word_1_320' title='bbox 389 3931 465 3966; x_wconf 83' lang='lat' dir='ltr'><strong>rat</strong></span> <span class='ocrx_word' id='word_1_321' title='bbox 498 3936 608 3983; x_wconf 84' lang='lat' dir='ltr'><strong>cap.</strong></span> <span class='ocrx_word' id='word_1_322' title='bbox 639 3922 706 3968; x_wconf 82' lang='lat'><strong>38</strong></span> <span class='ocrx_word' id='word_1_323' title='bbox 744 3937 758 3970; x_wconf 86' lang='lat'>:</span> <span class='ocrx_word' id='word_1_324' title='bbox 803 3923 1039 3970; x_wconf 79' lang='lat' dir='ltr'><strong>Samnites</strong></span> <span class='ocrx_word' id='word_1_325' title='bbox 1074 3924 1297 3972; x_wconf 79' lang='lat' dir='ltr'><strong>inducias</strong></span> <span class='ocrx_word' id='word_1_326' title='bbox 1322 3942 1414 3971; x_wconf 85' lang='lat' dir='ltr'><strong>an·</strong></span> <span class='ocrx_word' id='word_1_327' title='bbox 1503 3944 1553 3973; x_wconf 91' lang='lat' dir='ltr'><strong>n.</strong></span> <span class='ocrx_word' id='word_1_328' title='bbox 1579 3942 1641 3988; x_wconf 86' lang='lat'><strong>93</strong></span> <span class='ocrx_word' id='word_1_329' title='bbox 1668 3929 1846 3974; x_wconf 83' lang='lat' dir='ltr'><strong>XXVI</strong></span> <span class='ocrx_word' id='word_1_330' title='bbox 1863 3961 1877 3986; x_wconf 95' lang='lat'><strong>,</strong></span> <span class='ocrx_word' id='word_1_331' title='bbox 1907 3942 1964 3973; x_wconf 68' lang='lat'><strong>1‘1</strong></span> <span class='ocrx_word' id='word_1_332' title='bbox 1991 3962 2005 3985; x_wconf 92' lang='lat'><strong>,</strong></span> <span class='ocrx_word' id='word_1_333' title='bbox 2025 3944 2075 3974; x_wconf 92' lang='lat' dir='ltr'><strong>n.</strong></span> <span class='ocrx_word' id='word_1_334' title='bbox 2099 3944 2157 3990; x_wconf 87' lang='lat'><strong>9,</strong></span> <span class='ocrx_word' id='word_1_335' title='bbox 2181 3939 2230 3975; x_wconf 89' lang='lat' dir='ltr'><strong>et</strong></span> <span class='ocrx_word' id='word_1_336' title='bbox 2256 3930 2317 3975; x_wconf 84' lang='lat' dir='ltr'><strong>al.</strong></span> <span class='ocrx_word' id='word_1_337' title='bbox 2348 3931 2529 3979; x_wconf 73' lang='lat' dir='ltr'><strong>Confer</strong></span> 
     </span>
    </p>
   </div>
   <div class='ocr_carea' id='block_1_3' title="bbox 383 4000 2265 4067">
    <p class='ocr_par' dir='ltr' id='par_1_5' title="bbox 383 4000 2265 4067">
     <span class='ocr_line' id='line_1_36' title="bbox 383 4000 2265 4067; baseline 0.006 -23"><span class='ocrx_word' id='word_1_338' title='bbox 383 4015 514 4056; x_wconf 71' lang='lat' dir='ltr'><strong>meas</strong></span> <span class='ocrx_word' id='word_1_339' title='bbox 549 4000 613 4046; x_wconf 84' lang='lat' dir='ltr'><strong>ab</strong></span> <span class='ocrx_word' id='word_1_340' title='bbox 649 4001 766 4047; x_wconf 84' lang='lat' dir='ltr'><strong>urbe</strong></span> <span class='ocrx_word' id='word_1_341' title='bbox 789 4002 1084 4059; x_wconf 81' lang='lat' dir='ltr'><strong>retulerunt,</strong></span> <span class='ocrx_word' id='word_1_342' title='bbox 1123 4020 1211 4049; x_wconf 80' lang='lat' dir='ltr'><strong>nee</strong></span> <span class='ocrx_word' id='word_1_343' title='bbox 1242 4020 1410 4051; x_wconf 84' lang='lat' dir='ltr'><strong>earum</strong></span> <span class='ocrx_word' id='word_1_344' title='bbox 1510 4007 1664 4054; x_wconf 87' lang='lat' dir='ltr'><strong>Gron.</strong></span> <span class='ocrx_word' id='word_1_345' title='bbox 1688 4006 1750 4053; x_wconf 85' lang='lat' dir='ltr'><strong>ad</strong></span> <span class='ocrx_word' id='word_1_346' title='bbox 1779 4010 1889 4055; x_wconf 87' lang='lat' dir='ltr'><strong>Sen.</strong></span> <span class='ocrx_word' id='word_1_347' title='bbox 1916 4006 1978 4054; x_wconf 85' lang='lat' dir='ltr'><strong>de</strong></span> <span class='ocrx_word' id='word_1_348' title='bbox 2000 4007 2113 4054; x_wconf 89' lang='lat' dir='ltr'><strong>ben.</strong></span> <span class='ocrx_word' id='word_1_349' title='bbox 2143 4010 2194 4067; x_wconf 89' lang='grc' dir='ltr'><strong>Ι,</strong></span> <span class='ocrx_word' id='word_1_350' title='bbox 2217 4011 2265 4056; x_wconf 89' lang='grc'><strong>6.</strong></span> 
     </span>
    </p>
   </div>
   <div class='ocr_carea' id='block_1_4' title="bbox 392 4077 2525 4226">
    <p class='ocr_par' dir='ltr' id='par_1_6' title="bbox 392 4077 2525 4226">
     <span class='ocr_line' id='line_1_37' title="bbox 393 4077 2525 4145; baseline 0.007 -22"><span class='ocrx_word' id='word_1_351' title='bbox 393 4077 606 4139; x_wconf 75' lang='lat' dir='ltr'><strong>ipsarum</strong></span> <span class='ocrx_word' id='word_1_352' title='bbox 618 4090 791 4126; x_wconf 83' lang='lat' dir='ltr'><strong>sancta</strong></span> <span class='ocrx_word' id='word_1_353' title='bbox 788 4079 923 4145; x_wconf 82' lang='lat' dir='ltr'><strong>fides</strong></span> <span class='ocrx_word' id='word_1_354' title='bbox 921 4080 1043 4144; x_wconf 80' lang='lat' dir='ltr'><strong>suit.</strong></span> <span class='ocrx_word' id='word_1_355' title='bbox 1058 4084 1230 4145; x_wconf 85' lang='lat' dir='ltr'><strong>Itaque</strong></span> <span class='ocrx_word' id='word_1_356' title='bbox 1244 4084 1411 4132; x_wconf 83' lang='lat' dir='ltr'><strong>subdit</strong></span> <span class='ocrx_word' id='word_1_357' title='bbox 1581 4094 1628 4142; x_wconf 79' lang='grc'><strong>4.</strong></span> <span class='ocrx_word' id='word_1_358' title='bbox 1657 4089 1894 4134; x_wconf 78' lang='lat' dir='ltr'><strong>Auctores</strong></span> <span class='ocrx_word' id='word_1_359' title='bbox 1920 4103 2197 4144; x_wconf 84' lang='lat' dir='ltr'><strong>armorum,</strong></span> <span class='ocrx_word' id='word_1_360' title='bbox 2238 4089 2352 4136; x_wconf 83' lang='lat' dir='ltr'><strong>vide</strong></span> <span class='ocrx_word' id='word_1_361' title='bbox 2387 4089 2445 4136; x_wconf 82' lang='lat' dir='ltr'><strong>ad</strong></span> <span class='ocrx_word' id='word_1_362' title='bbox 2486 4093 2525 4138; x_wconf 69' lang='lat'><strong>1.</strong></span> 
     </span>
     <span class='ocr_line' id='line_1_38' title="bbox 392 4154 1765 4226; baseline 0.01 -26"><span class='ocrx_word' id='word_1_363' title='bbox 392 4154 490 4203; x_wconf 86' lang='lat' dir='ltr'><strong>hoc</strong></span> <span class='ocrx_word' id='word_1_364' title='bbox 517 4174 623 4223; x_wconf 84' lang='lat' dir='ltr'><strong>cap.</strong></span> <span class='ocrx_word' id='word_1_365' title='bbox 651 4160 877 4206; x_wconf 82' lang='lat' dir='ltr'><strong>Brutulus</strong></span> <span class='ocrx_word' id='word_1_366' title='bbox 901 4160 1085 4223; x_wconf 82' lang='lat' dir='ltr'><strong>Papius</strong></span> <span class='ocrx_word' id='word_1_367' title='bbox 1108 4160 1247 4209; x_wconf 77' lang='lat' dir='ltr'><strong>haud</strong></span> <span class='ocrx_word' id='word_1_368' title='bbox 1268 4163 1412 4209; x_wconf 77' lang='lat' dir='ltr'><strong>dubie</strong></span> <span class='ocrx_word' id='word_1_369' title='bbox 1514 4168 1578 4212; x_wconf 84' lang='grc' dir='ltr'><strong>3ο</strong></span> <span class='ocrx_word' id='word_1_370' title='bbox 1596 4201 1608 4224; x_wconf 84' lang='grc'><em>,</em></span> <span class='ocrx_word' id='word_1_371' title='bbox 1635 4183 1687 4212; x_wconf 88' lang='lat' dir='ltr'><strong>n.</strong></span> <span class='ocrx_word' id='word_1_372' title='bbox 1720 4183 1765 4226; x_wconf 85' lang='lat'><strong>7.</strong></span> 
     </span>
    </p>
   </div>
  </div>
 </body>
</html>
