3000 4717
401 376 646 478 2:232:
886 396 1210 463 LIBER
1270 395 1401 463 lv.
1469 395 1685 462 CAP.
1750 396 1932 463 VII.
2382 420 2467 494 19

349 517 548 589 domi
588 540 839 614 pacem
890 518 1106 587 etiam
1150 513 1320 592 foris
1359 515 1688 613 praebuit.
1733 520 1951 606 Sunt,
1991 520 2119 615 qui
2169 534 2470 618 propter

348 627 714 723 adjectum
731 633 1126 726 AEquorum
1144 628 1720 725 Volscorumque
1736 627 1933 699 bello
1958 643 2030 701 et
2049 629 2470 702 Ardeatium

348 737 744 811 defectioni
769 741 1011 812 veiens
1041 740 1351 828 bellum,
1382 741 1555 836 quia
1591 737 1739 809 duo
1762 741 2094 811 consules
2118 742 2324 813 obire
2359 756 2473 815 tot

352 850 566 921 simul
587 850 796 924 ,bella
835 853 1255 948 nequirent,
1286 847 1618 921 tribunos
1656 851 1969 921 militum
2011 866 2155 922 tres
2195 867 2473 924 creatos

351 960 596 1036 dicant
614 1016 634 1048 ‚
656 963 809 1034 sine
833 963 1205 1033 mentione
1234 960 1699 1061 promulgatae
1736 963 1909 1060 legis
1935 960 2025 1032 de
2056 962 2477 1034 consulibus

354 1071 682 1142 creandis
724 1069 841 1144 ex*
862 1071 1105 1170 plebe,
1134 1087 1206 1144 et
1235 1074 1541 1171 imperio
1576 1086 1647 1143 et
1693 1073 2092 1170 insignibus
2143 1074 2475 1146 consula-

352 1179 552 1254 ribus
592 1208 783 1254 usos.
844 1188 1006 1256 Non
1047 1198 1287 1255 tamen
1332 1208 1467 1281 pro
1496 1194 1525 1224 ²
1565 1182 1850 1254 firmato
1890 1184 2038 1278 jam
2079 1185 2275 1255 stetit
2325 1210 2479 1255 ma·-

350 1292 684 1390 gistratus
721 1295 876 1389 ejus
900 1295 1055 1391 jus;
1096 1298 1270 1393 quia
1303 1296 1517 1365 tertio
1546 1318 1793 1365 mense
1813 1348 1831 1381 ,
1863 1318 2082 1389 quam
2112 1296 2435 1366 inierunt
2456 1351 2475 1385 ‚

354 1427 711 1501 augurum
764 1406 1096 1495 decreto,
1153 1406 1456 1503 perinde
1510 1429 1592 1474 ac
1645 1405 1821 1473 vitio
1884 1406 2143 1492 creati,
2199 1405 2519 1476 honorex

353 1511 634 1601 abiere3
677 1516 895 1611 quod·
917 1520 997 1587 C.
1046 1511 1425 1602 Curtius3‚
1470 1504 1600 1609 qui
1644 1514 1947 1585 comitiis
1989 1512 2242 1586 eorum
2303 1540 2481 1613 prae-

353 1620 588 1694 fuerat
604 1678 623 1712 ‚
645 1647 904 1720 parum
927 1637 1122 1695 recte
1142 1621 1689 1693 tabernaculum
1724 1624 2051 1719 cepisset.
2074 1627 2324 1723 Legati
2339 1630 2367 1677 ‘⁴
2389 1626 2481 1698 ab

352 1733 589 1804 Ardea
616 1739 920 1805 Romam
943 1749 1344 1821 venerunt,
1374 1736 1470 1803 ita
1496 1733 1589 1804 de
1616 1734 1880 1827 injuria
1908 1750 2296 1831 querentes
2312 1792 2331 1826 ‚
2357 1752 2443 1809 ut
2460 1796 2480 1829 ‚

302 1867 311 1877 ·
354 1843 417 1911 si
453 1842 866 1931 demeretur
894 1868 976 1915 ea
995 1901 1015 1932 ‚
1051 1846 1128 1914 in
1167 1842 1437 1915 foedere
1467 1859 1685 1941 atque
1728 1845 2035 1915 amicitia
2067 1865 2481 1938 mansuroS,

353 1954 687 2025 restituto
733 1979 907 2052 agro
930 2007 949 2043 ‚
987 1969 1390 2052 appareret:
1430 1954 1540 2026 Ab
1578 1970 1834 2026 senatu
1866 1980 2296 2054 responsum
2327 1973 2438 2029 est
2462 2014 2483 2049 ,

261 2111 273 2124 ·
337 2062 709 2157 judicium
715 2090 929 2161 popu
937 2064 996 2136 li
1014 2065 1326 2138 rescindi
1352 2066 1450 2135 ab
1480 2082 1734 2136 senatu
1766 2091 1916 2136 non
1930 2092 2176 2163 posse,
2197 2084 2487 2165 prceter-

350 2183 581 2269 quam
628 2174 837 2271 quod
878 2174 1084 2246 nullo
1122 2200 1255 2247 nec
1296 2174 1638 2274 exemplo
1681 2197 1813 2246 nec
1839 2177 2019 2271 jure
2035 2177 2289 2274 fieret,
2327 2203 2487 2251 con·

355 2282 622 2355 cordia·
660 2291 877 2355 etiam
913 2286 1253 2357 ordinum
1298 2297 1519 2357 causa
1549 2314 1569 2355 .·
1607 2292 1674 2357 si
1710 2286 2063 2358 Ardeates
2101 2314 2240 2360 sua
2256 2287 2288 2334 ⁵
2318 2306 2488 2362 tem-

350 2419 544 2490 pora
567 2413 986 2496 exspectare
1008 2397 1264 2485 velint,
1299 2387 1817 2495 arbitriumque
1839 2406 2125 2476 senatui
2159 2399 2489 2474 levandoe
2573 2407 2580 2414 ’

355 2507 640 2598 injuriae
667 2531 822 2577 suce
838 2516 1258 2612 permittant
1273 2537 1299 2593 ,ε
1311 2511 1523 2601 fore,
1563 2524 1648 2578 ut
1660 2507 2049 2604 postmodo
2077 2511 2486 2608 gaudeant,

360 2639 436 2685 se
488 2638 618 2684 17·oe
670 2618 1123 2705 moderatos,·
1159 2625 1580 2714 sciantque,
1629 2619 1966 2689 Patribus
2019 2643 2235 2717 teque
2298 2647 2491 2692 curoe

337 2726 606 2818 fiaezlcse,
642 2749 735 2795 ne
766 2751 919 2822 qua
956 2728 1227 2820 injuria
1258 2733 1332 2795 in
1366 2752 1486 2797 eos
1519 2734 1841 2812 oriretur,
1877 2753 1966 2798 ac
1998 2754 2090 2799 ne
2124 2746 2285 2799 orta
2323 2730 2488 2802 dcu-

337 2850 576 2907 tuma
611 2851 807 2907 esset.
858 2842 966 2908 Ita
1000 2836 1269 2933 legati,
1308 2859 1541 2933 quum
1594 2857 1668 2908 se
1720 2856 1877 2907 r'em
1918 2840 2270 2936 integram
2310 2839 2493 2909 rela-

357 2962 564 3018 turos
600 2947 990 3037 dixissent,
1040 2948 1342 3020 comiter
1381 2946 1671 3016 dimissi.
1713 2945 1997 3017 Patricii
2022 2972 2302 3044 ‚quum
2343 2949 2498 3021 sine

361 3059 594 3127 curuli
635 3061 1053 3156 magistratu
1100 3057 1511 3156 respublica
1562 3071 1781 3146 esset,
1829 3058 2063 3128 coiere
2084 3113 2103 3147 ‚
2149 3072 2220 3129 et
2273 3061 2499 3130 inter-

358 3189 606 3262 regem
652 3191 984 3241 creavere
1020 3196 1036 3239 ε
1089 3170 1463 3241 contentio
1489 3223 1509 3256 ‚
1561 3168 1988 3242 consulesne
2009 3224 2028 3258 ‚
2083 3195 2174 3242 an
2223 3169 2499 3241 tribuni

360 3278 670 3349 militum
694 3296 1144 3371 crearentur,
1174 3283 1251 3351 in
1275 3283 1696 3378 interregno
1721 3304 1877 3351 rem
1910 3280 2062 3351 dies
2092 3281 2500 3379 complures

434 3471 484 3501 2.
514 3457 612 3501 Pro
629 3457 836 3522 firmato
864 3461 997 3508 stetit
1008 3460 1095 3525 jus
1105 3494 1121 3517 ,
1151 3470 1381 3522 tanquam
1466 3443 1566 3504 soli
1589 3449 1837 3506 habebant
1863 3468 1912 3505 et
1945 3473 2038 3521 pro
2065 3457 2208 3506 libito
2238 3458 2494 3505 commini-

362 3531 623 3584 firmatum.
651 3535 794 3582 Cous.
817 3538 881 3583 ad
901 3540 952 3584 ΙΙ
969 3573 983 3596 ,
1011 3555 1059 3598 7,
1082 3554 1131 3585 ιι.
1153 3544 1201 3591 4.
1217 3533 1385 3583 —Vio
1471 3537 1751 3584 scebantur.

362 3612 431 3659 tio
459 3612 616 3659 creati
624 3649 641 3670 ,
669 3612 784 3661 vide
806 3614 871 3661 ad
891 3615 957 3672 V,
981 3627 1061 3673 17,
1087 3632 1137 3663 n.
1159 3623 1209 3670 4.
1548 3622 1597 3669 4.
1633 3613 1806 3678 Legati
1831 3615 1895 3660 ab
1928 3614 2098 3661 Ardea
2123 3613 2330 3659 Romam
2355 3631 2500 3663 vene-

438 3693 484 3739 3.
508 3693 560 3741 C.
586 3692 803 3750 Curtius,
832 3692 1005 3739 consul
1027 3690 1158 3755 (vide
1180 3705 1286 3756 cap.
1312 3692 1384 3757 ι),
1476 3701 1617 3750 runt,
1646 3708 1691 3740 v.
1721 3692 1785 3737 ad
1807 3693 1888 3750 X,
1919 3700 1981 3746 14
1997 3726 2011 3750 ‚
2042 3705 2092 3736 n.
2116 3703 2143 3735 ιι
2160 3723 2175 3748 ,
2201 3701 2250 3737 et
2271 3689 2500 3756 xxvn,

353 3785 538 3835 par-um
563 3781 714 3827 recte,
747 3772 950 3829 vitiose,
977 3780 1146 3816 contra
1168 3770 1388 3833 discipli·
1479 3772 1511 3817 5
1524 3805 1537 3828 ,
1559 3783 1612 3817 ιι.
1641 3777 1689 3824 4.
1707 3793 1777 3807 --
1797 3772 1880 3815 Ita
1908 3767 2052 3830 (vide
2076 3765 2139 3813 ad
2157 3770 2182 3814 Ι
2198 3802 2212 3826 ,
2243 3785 2321 3829 17,
2349 3787 2400 3820 n.
2431 3774 2462 3821 5
2475 3774 2501 3840 )

363 3863 478 3897 nam
502 3851 778 3915 augur-alem
794 3884 808 3909 ,
845 3850 1211 3897 tabernaculum
1240 3849 1389 3912 cepis-
1477 3850 1540 3896 de
1562 3849 1742 3914 injuria
1769 3854 2040 3910 querentes,
2068 3846 2129 3894 de
2150 3861 2245 3910 qua
2265 3849 2378 3899 vide
2396 3854 2501 3913 ΙΙΙ,

362 3940 458 3986 set,
485 3930 600 3977 vide
620 3930 683 3976 ad
707 3932 757 3988 Ι,
776 3933 835 3988 6,
861 3945 911 3977 n.
940 3937 999 3988 43
1022 3937 1072 3976 et
1097 3929 1267 3976 confer
1283 3929 1388 3977 cic.
1481 3941 1573 3988 71,
1592 3943 1644 3974 n.
1676 3939 1758 3986 72.

366 4009 428 4057 de
454 4009 569 4056 Div.
597 4011 649 4076 1,
682 4024 739 4069 17
759 4026 776 4073 ;
800 4011 851 4056 11
867 4045 881 4069 ,
912 4009 1005 4068 353
1031 4006 1094 4054 de
1117 4005 1232 4055 Nat.
1256 4007 1389 4054 Deo-
1554 4006 1601 4053 5.
1620 4006 1720 4051 Suu
1737 4013 1953 4067 tempora
1969 4016 2280 4067 exspectare,
2306 4007 2419 4056 vide
2438 4011 2502 4057 ad

366 4095 501 4147 rum,
525 4088 687 4138 lih..n
706 4122 721 4147 ,
747 4106 796 4136 n.
832 4102 894 4136 10
924 4098 974 4136 et
1005 4102 1085 4134 11.
1112 4088 1204 4134 11ae
1230 4097 1392 4134 autem
1479 4089 1531 4144 I,
1561 4084 1657 4142 56,
1684 4100 1732 4132 n.
1768 4098 1844 4130 10.
1863 4084 2008 4129 ——Se
2033 4098 2134 4130 rem
2162 4084 2401 4151 integram
2425 4103 2501 4135 re..

348 4152 491 4214 'artes
524 4178 663 4215 erant
686 4167 1006 4231 patriciorum
1023 4200 1037 4226 ‚
1063 4167 1149 4229 qui
1174 4165 1393 4231 auspicia
1481 4164 1690 4220 laturos,
1723 4161 1837 4212 vide
1861 4162 1924 4209 ad
1947 4163 2020 4220 11,
2048 4162 2079 4207 5
2089 4195 2103 4218 ,
2128 4179 2178 4209 n.
2211 4178 2253 4210 1.

2025 4273 2100 4345 2..
