3000 4717
431 370 484 409 Δ.
510 367 557 407 C.
585 368 676 418 387.

433 426 676 468 uam,
872 443 885 464 ,
932 385 1126 452 LIB.
1179 384 1268 450 V.
1323 383 1539 449 CAP.
1594 382 1719 448 LI.
1773 380 1948 447 LII.
2373 379 2511 452 223

378 535 414 572 «
449 506 619 577 caelo
643 506 895 579 emissa
913 502 1005 575 de
1034 502 1351 576 adventu
1373 501 1794 574 Gallorum?
1817 524 2037 596 quam
2068 504 2390 598 gentium
2406 505 2521 599 jus

377 645 413 682 «
446 613 537 687 ab
566 616 816 714 legatis
838 615 1101 686 nostris
1123 612 1514 686 violatum?
1538 634 1757 707 quam
1782 634 1822 681 a
1848 608 2090 699 nobiS‚
2119 636 2350 707 quum
2376 615 2528 686 vin-

376 757 412 792 «
452 727 674 800 dicari
718 724 1058 811 deberet,
1097 722 1351 797 eadem
1390 715 1843 820 negligentia'
1871 720 2181 792 deorum
2220 739 2513 819 praeter-

377 867 413 903 α
443 837 784 918 missum?
832 836 1062 932 Igitur
1101 835 1269 906 victi
1314 831 1651 930 captique
1697 857 1779 903 ac
1820 830 2180 929 redempti
2233 847 2515 907 tantum
2615 904 2618 907 ,

376 977 412 1012 ι(
445 969 828 1046 poenarum
860 944 994 1022 diis
1032 943 1601 1039 hominibusque
1640 940 1970 1013 dedimus
1988 996 2008 1029 ‚
2040 955 2124 1011 ut
2160 956 2519 1013 terrarum

376 1088 412 1126 α
444 1056 609 1130 orbi
652 1057 1093 1130 documento
1139 1050 1526 1127 essemus6.
1573 1052 1907 1126 Adversae
1939 1050 2201 1123 deinde
2245 1077 2362 1123 res
2395 1054 2519 1125 ad-

376 1198 411 1234 «
443 1181 893 1246 monuerunt
926 1167 1358 1266 religionum
1409 1193 1425 1236 2
1471 1163 1930 1262 confugimus
1968 1166 2047 1236 in
2084 1166 2519 1263 Capitolium

377 1307 411 1343 «
447 1277 540 1348 acl
576 1277 789 1367 deos»,
843 1277 935 1350 ad
973 1276 1220 1354 sedem
1263 1283 1301 1352 J
1303 1278 1458 1352 ovis
1504 1277 1762 1373 optimi
1803 1269 2134 1366 ma'ximi3
2192 1299 2390 1350 sacra
2443 1278 2520 1348 in

376 1417 411 1456 «
443 1389 655 1460 ruina
703 1413 951 1470 rerum
997 1403 1411 1462 nostrarum
1458 1386 1596 1459 alia
1645 1399 1854 1458 terrae
1910 1386 2298 1458 celavimus
2314 1443 2333 1477 ‚
2383 1388 2518 1459 alia

376 1529 410 1563 «
450 1514 694 1571 avecta
720 1500 799 1569 in
829 1497 1166 1570 finitimas
1187 1497 1410 1571 urbes
1427 1551 1447 1586 ‚
1480 1498 1880 1594 amovimus
1903 1494 1995 1568 ab
2014 1495 2333 1568 hostium
2356 1523 2520 1569 ocu-

376 1638 411 1673 «
443 1610 551 1681 lis.
588 1614 917 1679 Deorum
960 1608 1274 1695 cultum,
1311 1606 1580 1682 deserti
1621 1604 1713 1678 ab
1748 1604 1883 1678 diis
1919 1604 2481 1706 hominibusque
2500 1664 2521 1697 ,

377 1748 411 1783 «
444 1733 688 1789 tamen
715 1744 872 1790 non
908 1718 1446 1790 intermisimus.
1484 1714 1889 1798 Reddidere
1927 1717 2150 1814 igitur
2184 1719 2522 1815 patriam,

376 1859 410 1894 α
448 1843 522 1902 et
556 1830 965 1916 victoriam,
1015 1842 1088 1898 et
1124 1828 1505 1924 antiquum
1542 1825 1716 1896 belli
1747 1825 1969 1897 decus
2006 1829 2344 1900 amissum
2388 1855 2404 1898 z
2450 1844 2522 1902 et

374 1969 410 2004 α
442 1941 520 2011 in
569 1939 849 2028 hostes,
870 1939 1019 2036 qui
1070 1939 1235 2012 caeci
1276 1937 1567 2011 avaritia
1593 1938 1681 2037 ‘in
1717 1935 2044 2034 pondere
2089 1941 2243 2009 auri
2281 1938 2518 2013 foedus

373 2080 408 2116 «
442 2074 526 2121 ac
559 2049 782 2122 fidem
813 2047 1224 2126 fefellerunt
1242 2104 1262 2134 ‚
1295 2037 1673 2120 verterunt
1705 2060 2096 2136 terrorem,
2128 2046 2518 2146 fugamque

370 2192 406 2230 ε(
441 2177 513 2233 et
539 2159 827 2233 caedem.

395 2337 402 2344 ,
466 2276 616 2343 LII.
664 2299 698 2335 «
720 2275 886 2344 Haec
930 2269 1106 2346 culti
1138 2269 1597 2368 neglectique
1616 2279 1638 2310 ¹
1681 2268 2002 2342 numinis
2037 2283 2237 2340 tanta
2276 2272 2518 2340 moni-

373 2409 408 2444 «
440 2395 683 2454 menta
720 2382 798 2452 in
824 2380 1047 2454 rebus
1075 2381 1416 2456 humanis
1450 2372 1866 2469 cernenteS‚
1913 2378 2178 2476 ecquid
2208 2379 2520 2471 sentitis3

373 2518 409 2554 «
449 2491 799 2579 Qun-ime,
828 2507 1184 2586 quantum
1207 2490 1505 2566 vixdum
1534 2516 1573 2561 e
1597 2488 1984 2587 naufragiis
2011 2492 2273 2589 prioris
2295 2492 2521 2590 culpae

374 2626 409 2662 α
445 2596 814 2693 cladisque
853 2615 1313 2695 emergentes.
1335 2624 1673 2698 paremus
1701 2598 1944 2671 nefas?
1976 2600 2252 2674 Urbem
2286 2605 2519 2700 auspi·

323 2745 328 2758 ι
374 2740 408 2775 κ
446 2723 605 2780 cato
634 2709 1213 2806 inauguratoque
1241 2710 1609 2779 conditam
1636 2707 2023 2797 habemus;
2050 2710 2297 2822 nullus
2321 2711 2522 2783 locus

373 2846 408 2883 α
442 2820 517 2888 in
553 2843 636 2889 ea
670 2843 822 2888 non
854 2817 1294 2915 religionum
1320 2817 1774 2912 deorumque
1806 2831 1912 2887 est
1946 2818 2204 2914 plenus
2240 2848 2255 2889 τ
2300 2824 2520 2894 sacri-

373 2958 406 2994 «
442 2928 622 3004 ficiis
675 2929 1126 3006 solemnibus
1169 2953 1322 3003 non
1373 2926 1526 2998 dies
1573 2928 1800 3024 magis
1855 2929 2051 3017 stati,
2097 2953 2319 3026 quam
2364 2931 2521 3003 loca

374 3106 488 3172 (seu
514 3109 867 3170 mis523G1-on.
890 3108 1103 3176 improb.
1125 3104 1397 3171 Drakenh.)
1483 3105 1577 3169 leg.
1602 3114 1769 3162 terra.‚·
1799 3116 1855 3156 er.
1870 3121 1991 3158 mox
2004 3122 2098 3172 pro
2102 3106 2392 3176 fifillerunt
2407 3127 2518 3158 cum

377 3186 450 3234 De
463 3186 670 3236 adventu
689 3188 970 3249 Gallorum,
997 3189 1168 3240 confer
1184 3203 1290 3254 cap.
1312 3187 1396 3236 32.
1484 3186 1675 3232 Bauero
1699 3182 2002 3248 fefellerant.
2023 3213 2094 3222 —
2111 3187 2285 3235 Nostri
2320 3190 2517 3239 codices

374 3291 446 3300 .-.
471 3265 697 3314 Gentium,
711 3266 799 3330 jus
824 3267 1068 3317 violatum
1080 3302 1097 3324 ‚
1136 3265 1251 3318 vide
1290 3282 1396 3332 cap.
1487 3274 1630 3310 terrae
1651 3273 1699 3310 et
1705 3261 1992 3328 fefellerunt
2013 3263 2211 3314 habent.
2233 3270 2323 3316 En.

376 3342 462 3405 35,
490 3343 656 3394 36.—
671 3346 719 3390 V
714 3343 926 3394 indicari
936 3379 953 3401 ,
980 3344 1194 3394 defendi.
1560 3343 1683 3391 Cu.
1698 3344 1807 3389 LII.
1829 3358 1873 3392 1.
1890 3345 2012 3391 Haec
2029 3345 2149 3393 culti
2166 3347 2390 3408 feliciter,
2401 3367 2514 3397 cum

443 3413 495 3466 6.
537 3415 602 3460 Ut
621 3424 861 3460 terrarum
881 3415 990 3460 orbi
1010 3415 1297 3464 documento
1326 3430 1399 3462 es-

371 3507 555 3549 semus,
578 3491 694 3540 vide
713 3490 776 3540 ad
798 3492 988 3540 Praefat.
1011 3509 1061 3539 n.
1089 3501 1166 3550 14.
1188 3519 1257 3529 —-
1277 3492 1398 3539 Alia

267 3579 272 3588 ·
373 3582 517 3618 terroe
550 3568 805 3618 celavimus
818 3605 835 3627 ,
879 3581 934 3622 ut
965 3570 1097 3633 apud
1136 3573 1316 3617 Lucan.
1346 3574 1397 3630 Ι,

372 3648 496 3710 607,
523 3661 573 3698 et
601 3649 730 3700 Flor.
757 3651 810 3712 1,
849 3649 927 3695 13.
978 3650 1137 3696 Terrae
1172 3649 1397 3710 quidam,

372 3740 428 3777 ut
439 3726 575 3781 humi
583 3764 597 3784 ,
615 3744 709 3793 pro
729 3727 778 3773 in
792 3737 949 3783 terra,
974 3726 1088 3773 etin
1101 3737 1281 3773 terram
1299 3727 1400 3778 dici

370 3819 550 3880 putant
573 3806 711 3876 (vide
729 3804 962 3858 Schelleri
981 3804 1146 3869 Lex.),
1165 3805 1243 3852 vel
1266 3822 1402 3856 more

371 3889 660 3942 Graecorum
674 3922 692 3944 ‚
714 3885 798 3938 vel
821 3884 1016 3948 poetice
1044 3881 1064 3952 (
1081 3895 1137 3932 ut
1157 3884 1195 3932 ic
1214 3886 1402 3933 clamor

370 3966 553 4033 ecelo);
577 3969 750 4020 Bauer.
773 3964 899 4016 illud
925 3975 1085 4016 totum
1115 3963 1238 4012 dicit
1258 3981 1400 4030 paene

370 4047 621 4111 poeticum
644 4062 748 4096 esse
773 4059 895 4114 pro:
925 4043 1080 4096 celata
1102 4044 1399 4094 credidimus

373 4136 512 4175 terrae
530 4125 835 4174 asservandn.
850 4127 996 4189 Forte
1011 4140 1124 4172 cum
1140 4126 1399 4174 Gronovio

1489 3421 1720 3488 praemio,
1748 3423 2048 3488 neglectique
2084 3425 2369 3487 infeliciter,
2404 3447 2518 3478 cum

1487 3517 1634 3564 poena
1649 3535 1663 3559 ,
1690 3500 1898 3550 numinis
1933 3503 2230 3551 monimenta
2245 3524 2268 3562 ;
2296 3507 2376 3554 vel
2408 3509 2478 3556 sic
2500 3525 2514 3559 z

1486 3595 1588 3642 quo
1622 3590 1801 3626 eventu
1833 3580 2018 3627 cultum
2053 3583 2426 3649 neglectumque
2457 3589 2521 3637 sit

1486 3673 1702 3714 numen3
1734 3657 1976 3721 emphasis
1998 3661 2077 3707 vel
2104 3666 2403 3730 metonymia
2431 3684 2517 3718 an-

1488 3734 1788 3794 tecedentis3
1823 3737 2052 3786 Bauerus.
2070 3766 2141 3775 --
2159 3743 2206 3788 Ε
2242 3744 2515 3812 nazfiagiis

1481 3812 1667 3877 prioris
1716 3813 1871 3877 culpa.»
1923 3828 2211 3881 emergentes
2229 3854 2246 3876 ,
2310 3823 2515 3888 eleganti

1489 3891 1808 3940 translatione
1840 3908 1933 3958 pro
1960 3908 1973 3942 ε
2002 3895 2141 3943 malis
2178 3898 2338 3964 priori
2373 3905 2514 3971 culpa

1488 3971 1756 4018 contractis
1781 3970 1931 4018 levati
1954 3983 2003 4020 et
2026 3978 2256 4038 recreati3
2280 3982 2427 4032 Doer.
2444 4014 2514 4023 -

1487 4050 1604 4096 Non
1625 4048 1727 4096 dies
1745 4049 1901 4118 magis
1918 4053 2060 4112 scaci,
2078 4072 2227 4118 quam
2245 4058 2355 4110 loca
2373 4079 2508 4122 sunt,

1487 4144 1591 4176 non
1611 4129 1774 4179 minus
1792 4130 1900 4180 loca
1923 4148 2068 4197 quam
2092 4134 2225 4198 dies;
2254 4141 2425 4190 Bauer.
2444 4174 2510 4183 --
