3000 4717
437 373 479 409 Ᾰ.
504 364 552 407 C.
581 366 671 420 392.

425 429 673 470 mm„
910 381 1233 453 LIBER
1275 387 1378 477 pv.
1442 385 1658 454 cAP.
1722 390 1964 457 xxv.
2365 387 2497 483 173

374 502 872 580 conscientiam
900 531 1044 576 non
1057 511 1253 603 pati,
1281 506 1592 603 quodeoe
1610 503 1698 577 ea
1720 523 1992 577 tantum
2003 509 2296 604 praeda,
2329 535 2500 607 quoe

373 644 610 690 rerum
637 619 1104 689 moventium‘*
1124 623 1251 701 sit,
1277 616 1587 687 decuma
1612 616 2049 716 designem&
2075 618 2265 690 urbis
2281 636 2498 717 atque

373 737 535 825 agri
564 734 759 826 capti
775 782 794 813 ,
859 751 1026 823 quae
1068 742 1139 796 et
1168 733 1326 823 ip5a
1348 738 1523 797 'voto
1554 733 2027 812 contineatur,
2067 735 2498 800 mentionem

373 839 854 935 nallamfieri.
876 841 1122 929 Quum
1143 861 1225 908 ea
1250 836 1704 934 disceptatiO,
1730 862 1994 936 anceps
2018 839 2295 908 senatui
2317 839 2463 909 visa
2478 895 2496 926 ,

377 949 701 1047 delegata
729 949 818 1021 ad
847 946 1225 1047 pontifices
1254 963 1465 1036 esset3
1499 945 1869 1020 adhibito⁵
1899 949 2235 1036 Camillo,
2268 950 2500 1018 visum

377 1061 681 1159 collegio
699 1114 717 1149 ,
752 1058 950 1157 quod
978 1059 1133 1154 ejus
1163 1072 1327 1130 ante
1358 1073 1791 1157 conceptum
1820 1075 2072 1131 votum
2092 1059 2502 1130 Veientium

375 1168 663 1262 fuisset,
716 1185 789 1242 et
832 1183 999 1269 post
1035 1182 1290 1239 votum
1328 1169 1404 1238 in
1450 1183 1879 1266 potestatem
1923 1168 2176 1267 populi
2220 1171 2505 1239 romani

376 1284 718 1371 venisset,
752 1281 906 1376 ejus
935 1294 1213 1379 partem
1244 1278 1623 1350 decumam
1657 1278 1977 1376 Apollini
2016 1303 2283 1349 sacram
2323 1304 2497 1351 esse.
2574 1322 2589 1331 ·

375 1396 481 1463 Ita
514 1393 590 1462 in
618 1393 1161 1463 aestimationem
1186 1389 1364 1459 urbs
1412 1413 1728 1485 agerque
1767 1392 1969 1461 venit
2002 1418 2017 1460 ε
2056 1390 2364 1488 pecunia
2411 1416 2500 1462 ex

376 1503 621 1573 aerario
658 1514 1028 1598 prompta,
1067 1512 1138 1569 et
1172 1496 1485 1567 tribunis
1519 1498 1830 1569 militum
1861 1498 2394 1590 consularibus,
2421 1516 2501 1571 ut

376 1635 630 1682 aurum
646 1636 734 1681 ex
759 1635 841 1682 ea
861 1622 1276 1680 coemerent
1294 1662 1314 1697 ,
1342 1608 1721 1705 negotium
1746 1608 2254 1704 datum30ujus
2273 1618 2501 1706 quum'

375 1721 584 1817 copia
615 1745 765 1790 non
800 1732 1021 1803 esset,
1059 1730 1443 1803 matronae,
1488 1717 1797 1791 coetibus
1829 1719 1921 1790 ad
1954 1743 2113 1790 eam
2141 1745 2296 1792 rem
2323 1745 2498 1792 con-

375 1828 781 1899 sultandam
817 1827 1114 1916 habitis,
1155 1841 1228 1898 et
1264 1829 1636 1898 communi
1673 1828 1964 1901 decreto
1998 1831 2331 1928 pollicitae
2372 1834 2499 1901 tri-

371 2022 508 2059 ratus
531 2023 691 2060 autem
714 2012 803 2069 sit,
832 2013 958 2060 facta
981 2010 1242 2059 collatione
1261 2044 1276 2069 ,
1293 2025 1389 2072 po-

362 2091 509 2152 palus
528 2091 783 2138 universus
801 2091 1061 2155 religione,
1075 2089 1187 2153 quia
1199 2123 1213 2147 ,
1241 2103 1390 2152 quum

369 2169 584 2231 praedam
599 2170 846 2235 rapuerint
870 2169 1004 2217 avari
1029 2168 1233 2227 milites,
1259 2177 1392 2214 ante-

372 2262 517 2309 quam
538 2249 786 2312 Apollinis
815 2249 1002 2296 decima
1032 2247 1148 2295 inde
1176 2246 1389 2295 detracta

371 2325 435 2371 sit
459 2360 473 2383 ,
508 2342 611 2374 non
636 2328 849 2392 praedam
884 2326 1091 2391 amplius
1122 2327 1229 2391 ipse
1259 2324 1385 2373 aesti-

372 2418 527 2461 mare,
562 2420 652 2452 nec
687 2406 809 2455 seire
832 2408 992 2471 possit
1010 2442 1024 2465 ,
1064 2407 1150 2469 qui
1176 2405 1385 2469 maligne

374 2497 479 2528 eam
502 2484 842 2533 aestimaverint
855 2520 870 2544 ‚
896 2501 1054 2548 neque
1079 2485 1224 2532 etiam
1256 2483 1387 2531 deei-

372 2577 501 2609 mam
532 2560 645 2609 dare
670 2564 812 2622 ejusf
827 2563 961 2626 quod
988 2578 1130 2610 auum
1152 2578 1256 2609 non
1282 2562 1344 2609 sit
1371 2577 1386 2612 τ

373 2655 477 2688 non
494 2656 613 2688 vero
625 2657 676 2687 se
693 2651 853 2688 tacere
874 2656 1020 2704 posse
1037 2639 1098 2685 de
1116 2640 1230 2686 urbe
1243 2652 1390 2702 atque

373 2735 495 2785 agro
518 2730 662 2783 capto
676 2738 697 2777 ;
720 2719 828 2768 haec
853 2719 983 2767 enim
1012 2716 1174 2764 adhue
1194 2717 1391 2781 publiea

373 2814 502 2857 esse,
518 2815 611 2847 nee
628 2799 747 2847 dum
763 2797 988 2864 privatis,
1007 2795 1086 2847 vel
1106 2794 1307 2860 singulis
1327 2795 1392 2842 ci-

372 2878 513 2927 vibus
541 2879 817 2928 distributa.

407 2960 412 2965 ⁴
445 2966 491 3013 4.
527 2959 649 3019 Quoe
667 2976 829 3007 rerum
856 2954 1144 3005 moventium
1178 2970 1228 3002 se
1246 2988 1262 3014 ,
1293 2954 1390 3002 hoe

375 3046 471 3092 est,
492 3037 747 3086 mobilium
764 3039 852 3095 sit,
879 3052 988 3101 quae
1005 3035 1313 3083 contineatur
1329 3035 1391 3082 iis

376 3112 519 3160 rebus
534 3147 548 3172 ,
574 3130 680 3178 quae
693 3152 707 3175 ‚
729 3127 784 3164 ut
802 3118 929 3179 Nep.
951 3115 1122 3162 Them.
1142 3116 1193 3160 11
1209 3147 1223 3172 ,
1242 3113 1388 3174 dicit,

377 3191 555 3238 moveri
565 3206 797 3256 possunt,
832 3195 940 3251 vel,
966 3204 1021 3241 ut
1043 3193 1149 3239 Liv,
1172 3194 1225 3239 X
1244 3228 1258 3251 ,
1300 3194 1389 3253 34;

376 3281 425 3318 et
441 3271 700 3330 XXXIII,
725 3288 745 3318 1
758 3274 785 3319 3
800 3307 814 3332 ,
832 3271 1077 3337 quaefem'
1092 3272 1271 3337 agique
1279 3288 1393 3334 pos·

375 3361 486 3396 sunt
515 3348 657 3415 (vide
683 3351 744 3397 ad
761 3353 859 3409 111,
882 3353 941 3410 37
961 3385 976 3409 ‚
1013 3366 1063 3398 n.
1094 3349 1180 3415 4),
1215 3350 1391 3414 quibus

376 3438 698 3493 opponuntur
721 3431 773 3475 X
787 3462 802 3486 ,
827 3430 890 3484 34
908 3439 1030 3477 extr.
1051 3445 1161 3492 quoe
1178 3429 1391 3493 migratu

376 3507 602 3574 dffcilia
624 3519 758 3569 sant,
788 3507 885 3554 hoc
905 3519 1003 3565 est,
1029 3523 1137 3569 quae
1160 3507 1292 3554 haud
1320 3509 1389 3555 fa-

375 3586 467 3633 cile
490 3588 702 3654 migrant
729 3585 890 3648 quasi,
911 3586 989 3633 vel
1006 3586 1386 3635 transferuntur:

374 3680 486 3711 nam
519 3666 672 3730 migro
711 3664 855 3712 etiam
890 3665 1046 3712 active
1081 3675 1155 3711 est
1185 3664 1390 3727 migrare

370 3743 502 3792 facio
515 3777 529 3802 ,
549 3745 812 3802 transfer03
832 3743 946 3791 vide
963 3742 1026 3790 ad
1041 3742 1227 3789 Sihvn
1241 3776 1255 3799 ,
1272 3744 1334 3798 43
1345 3759 1366 3789 1
1377 3777 1389 3790 .

372 3849 443 3858 —-
453 3823 746 3872 Mentionem
760 3820 1066 3887 nullamfieri
1075 3836 1170 3885 pro
1182 3854 1196 3878 ,
1214 3821 1390 3868 mentio

375 3901 510 3948 nulla
514 3901 620 3967 fiat
628 3921 647 3959 ,·
664 3903 777 3961 sed,
798 3901 934 3965 quod
956 3900 1085 3947 Duk.
1102 3934 1116 3959 ,
1143 3898 1318 3956 Drak„
1341 3911 1391 3948 et

377 3978 560 4026 Stroth.
576 3982 676 4037 jem
700 3997 957 4040 monuere,
994 3979 1159 4026 Livius
1181 3993 1309 4041 saepe
1326 3977 1387 4025 ab

373 4057 598 4104 oratione
616 4055 754 4104 finita
775 4059 949 4106 transit
968 4059 1031 4105 ad
1049 4056 1291 4104 infinitam
1306 4091 1320 4114 ,
1341 4068 1390 4104 et

377 4149 404 4179 a
418 4136 731 4194 conjunctivo
746 4135 811 4185 ad
821 4133 1135 4184 infinitivum.
1148 4136 1225 4184 Sic
1235 4137 1364 4183 XXI
1375 4169 1390 4194 ,

1480 2015 1547 2069 49
1574 2009 1704 2056 med.
1727 2010 1881 2056 teneri
1902 2025 1996 2074 pro
2024 2022 2079 2057 ut
2108 2023 2349 2059 teneretur·
2377 2010 2501 2075 (nisi

1480 2088 1641 2152 suppl.
1684 2088 1964 2153 curarent),
1996 2089 2252 2149 XXXIX,
2288 2098 2350 2145 14
2385 2088 2503 2154 (ubi

1480 2168 1651 2215 confer
1673 2166 1858 2232 Drak.)
1879 2167 2126 2232 oedilespl.
2143 2168 2314 2215 videre
2331 2184 2426 2233 pro
2448 2182 2504 2216 uc

1478 2247 1733 2304 vide-rent,-
1764 2248 1936 2305 XLII,
1964 2247 2032 2294 66
2060 2265 2136 2312 pr.
2164 2248 2301 2297 abire
2322 2264 2415 2312 pro
2449 2260 2503 2295 uc

1484 2327 1656 2374 abiret.
1671 2327 1852 2375 Confer
1869 2338 1918 2375 et
1926 2328 2122 2386 XXIV,
2136 2343 2198 2373 αα
2214 2344 2228 2386 ;
2244 2329 2501 2386 XXXIII,

1487 2407 1548 2453 31
1563 2439 1577 2464 ‚
1594 2406 1677 2454 33.
1691 2405 1824 2453 Talis
1836 2405 2041 2453 variatio
2063 2406 2300 2454 orationis
2317 2407 2503 2455 nemini

1485 2484 1786 2549 frequentior
1798 2519 1813 2544 ‚
1837 2502 1982 2549 quam
1996 2486 2185 2534 Tacito.

1560 2566 1608 2613 5.
1630 2562 1863 2612 Adhibita
1879 2565 2064 2612 scilicet
2077 2566 2131 2613 in
2145 2565 2400 2614 consilium
2419 2562 2504 2635 (ut

1478 2647 1635 2702 vm,
1667 2645 1760 2702 36,
1788 2659 1838 2689 n.
1877 2644 1936 2702 53
1967 2655 2015 2691 et
2040 2645 2297 2701 XXXIV,
2326 2644 2420 2704 35,
2447 2662 2496 2692 n.

1485 2728 1535 2791 1)
1558 2722 1790 2778 Camillo,
1811 2721 1972 2768 visum
1985 2722 2211 2786 collegio,
2233 2723 2369 2785 quod
2377 2722 2496 2787 ejus,

1478 2804 1579 2852 hoe
1593 2813 1667 2850 est
1677 2836 1692 2861 ,
1710 2810 1944 2864 quantum
1960 2798 2094 2863 (vide
2110 2798 2173 2846 ad
2184 2800 2391 2859 XXXI,
2408 2803 2503 2862 46,

1479 2899 1531 2930 n.
1564 2880 1651 2945 8),
1693 2879 1881 2927 seilicet
1921 2878 2049 2940 agri3
2094 2893 2207 2924 nam
2245 2876 2346 2941 ejus
2372 2894 2501 2943 saepe

1480 2959 1761 3018 πλεονάζειν
1779 2966 1894 3021 post
1914 2954 2072 3019 quod,
2105 2971 2156 3002 v.
2174 2971 2218 3002 e.
2244 2954 2370 3002 iufra
2393 2972 2499 3022 cap.

1484 3033 1572 3098 34;
1613 3039 1822 3094 XXXI,
1848 3043 1905 3095 4;
1944 3035 2253 3094 XXXVIII,
2278 3036 2375 3093 23,
2406 3036 2498 3096 543

1479 3119 1739 3175 XXXIX,
1780 3131 1806 3174 7
1827 3148 1840 3174 ‚
1880 3113 1944 3169 45
1960 3149 1975 3174 ,
2011 3125 2066 3161 ut
2100 3124 2216 3178 post
2242 3113 2414 3179 quoad
2446 3114 2501 3162 in

1479 3197 1702 3246 formulis
1716 3193 1887 3259 quoad
1900 3193 2000 3259 ejus
2002 3192 2128 3261 fieri
2132 3205 2297 3256 potest
2301 3229 2318 3251 ‚
2335 3194 2415 3241 vel
2413 3192 2501 3259 fiz-

1481 3293 1588 3325 cere
1602 3275 1786 3341 possis,
1820 3284 1938 3332 etc„
1968 3273 2070 3334 jam
2095 3273 2288 3320 monuit
2313 3273 2497 3321 Stroth.

1435 3374 1442 3381 ‘
1482 3357 1562 3403 sic
1589 3366 1638 3404 et
1661 3357 1789 3403 bona
1805 3388 1820 3410 ,
1850 3349 2092 3415 quidquid
2113 3350 2213 3414 ejus
2239 3352 2406 3409 XLII,
2432 3353 2461 3399 8
2485 3384 2499 3408 ,

1479 3422 1532 3483 ιι.
1565 3435 1612 3483 3.
1640 3433 1823 3482 Confer
1838 3430 2058 3476 Perizon.
2081 3428 2145 3476 ad
2163 3429 2347 3476 Sanctii
2368 3428 2495 3477 Min.

1480 3515 1586 3569 111,
1617 3512 1675 3569 6,
1716 3527 1767 3556 n.
1813 3524 1834 3555 1
1873 3519 1922 3556 et
1942 3508 2033 3565 IV,
2059 3514 2117 3565 4,
2142 3523 2191 3558 n.
2224 3508 2307 3561 84.
2334 3533 2404 3544 --
2435 3509 2499 3555 Ue

1479 3606 1655 3637 aarum
1673 3605 1738 3634 ex
1750 3603 1812 3633 ea
1823 3597 2092 3633 coemerent
2096 3603 2118 3641 ;
2137 3588 2498 3636 emerentVoss.

1479 3684 1575 3715 sec.
1604 3677 1653 3713 et
1677 3665 1845 3712 Lovel.
1874 3665 1902 3710 3
1917 3697 1930 3721 ,
1950 3663 2116 3710 invitis
2138 3662 2335 3726 reliquis
2361 3664 2500 3713 codi-

1454 3794 1459 3799 ,
1480 3747 1619 3792 cibus
1640 3744 1860 3808 scriptia,
1879 3753 1928 3789 et
1956 3741 2129 3789 editis..
2143 3742 2296 3804 Supra
2314 3741 2398 3791 lib.
2428 3745 2497 3804 11,

1480 3840 1589 3886 cap.
1618 3824 1682 3877 34
1698 3856 1713 3879 ,
1753 3820 1959 3868 dImissis
1972 3818 2161 3882 passim
2193 3819 2266 3866 ad
2271 3819 2495 3885 fiumen-

1480 3913 1583 3949 tum
1594 3897 1919 3947 coemendum.
1927 3898 2297 3946 En.—Coetibus
2306 3901 2378 3948 ad
2387 3918 2495 3950 eam

1475 3996 1579 4028 rem
1600 3976 1972 4026 consultandam
1994 3975 2171 4024 habitis
2182 3995 2204 4033 ;
2226 3979 2490 4037 veteribus,

1477 4074 1571 4123 pro
1593 4056 1811 4112 caeeibus,
1834 4057 1957 4102 Vos.
1975 4071 2071 4102 sec.
2092 4066 2141 4102 et
2161 4057 2326 4103 Lovel.
2350 4058 2405 4115 33
2423 4058 2498 4106 ad

1480 4152 1590 4183 eam
1609 4151 1709 4183 rem
1727 4133 2071 4184 consulendam
2087 4133 2252 4184 Lovel.
2270 4134 2316 4181 5.
2336 4136 2425 4183 En.
