3000 4717
2346 381 2396 417 A.
2423 377 2457 417 C
2501 378 2578 418 355

530 392 664 465 362
1341 402 1446 466 ¹T.
1512 401 1791 469 LIVII
2342 438 2394 475 U.
2418 407 2597 496 cs39‘7s

525 518 939 589 Orationem
981 517 1194 592 Tullii
1228 537 1667 617 exceperunt
1703 543 1957 617 preces
1997 517 2477 590 multitudinis
2510 548 2526 589 :
2570 537 2650 593 et

523 627 849 723 undique
870 681 889 713 ‚
933 643 1016 697 ut
1051 629 1335 726 signum
1380 628 1583 702 daret
1604 684 1623 718 ‚
1666 645 1748 702 ut
1784 637 2039 727 capere
2081 653 2277 699 arma
2308 629 2645 723 juberet,

523 734 945 808 clamabant.

628 852 812 920 XIV.
874 849 1196 920 Dictator
1217 902 1236 937 ‚
1304 873 1721 946 quanquam
1773 874 1927 920 rem
1979 849 2249 924 bonam
2305 851 2640 947 exemplo

522 961 717 1036 haud
737 957 1098 1057 probabili
1122 973 1349 1030 actam
1368 958 1710 1030 cernebat
1726 1011 1746 1048 ,
1770 974 2013 1034 tamen
2022 956 2413 1048 facturum,
2432 961 2641 1058 quod

521 1073 780 1144 milites
802 1068 1099 1155 vellent,
1126 1092 1232 1158 se,
1260 1070 1532 1167 recepit
1547 1080 1607 1159 ¹3
1633 1069 2091 1167 Tulliumque
2115 1085 2388 1142 secreto
2404 1126 2423 1160 ‚
2447 1096 2644 1167 quae-

522 1208 690 1253 nam
732 1181 882 1250 haec
923 1203 1041 1250 res
1082 1179 1207 1265 sit,
1257 1192 1381 1252 aut
1422 1204 1573 1278 quo
1617 1178 1771 1251 acta
1818 1204 2059 1268 more,
2096 1193 2633 1277 percunctatur.

522 1292 796 1363 Tullius
835 1313 1274 1388 magnopere
1315 1314 1356 1360 a
1390 1288 1741 1364 dictatore
1780 1304 2064 1388 petere,
2094 1315 2184 1359 ne
2216 1315 2291 1360 se
2327 1290 2637 1364 oblitum

522 1401 923 1499 disciplmoe
960 1400 1315 1483 militaris,
1358 1426 1449 1470 ne
1477 1406 1626 1488 sui,
1674 1426 1847 1474 neve
1864 1407 2367 1498 imperatorloe
2404 1403 2635 1495 maje-

518 1519 748 1598 statis,
804 1512 1189 1584 crederet:
1237 1509 1680 1584 ηιαῖτιτιιάὶηι
1727 1516 2144 1597 concitat-ce,
2197 1534 2366 1607 quoe
2388 1509 2641 1603 ferme

476 1685 481 1696 .
517 1621 927 1694 auctoribus
948 1618 1199 1691 similes
1233 1636 1447 1708 esset,
1480 1646 1632 1692 non
1654 1623 2086 1694 subtraxisse
2108 1646 2185 1692 se
2216 1620 2511 1705 ducem‚·
2541 1646 2639 1691 ne

517 1735 679 1827 quis
712 1730 929 1815 alim,
962 1728 1209 1825 quales
1244 1746 1442 1802 mota
1481 1736 1722 1802 creare
1759 1730 2147 1816 multitudo
2174 1729 2433 1802 soleret
2449 1785 2472 1816 ‚
2511 1755 2638 1799 ex-

511 1846 784 1910 sisteret
807 1867 829 1908 :
857 1865 1035 1914 nam
1064 1864 1140 1911 se
1162 1841 1456 1938 quidem
1490 1841 1678 1926 nihil
1697 1867 1845 1916 non
1868 1842 2162 1913 arbitrio
2185 1845 2637 1937 imperatores

516 1966 847 2030 acturum
897 1979 918 2021 .·
970 1950 1076 2023 illi
1121 1975 1416 2049 quoque
1463 1966 1709 2023 tamen
1752 1952 2148 2024 videndam
2171 1974 2635 2047 *magnopere

518 2084 695 2147 esse,
737 2077 818 2132 ut
852 2068 1248 2134 exercitum
1282 2068 1354 2132 in
1380 2076 1750 2158 potestate
1784 2062 2098 2134 haberet.
2143 2063 2449 2155 Differri
2482 2083 2634 2129 non

505 2193 718 2264 posse
761 2169 976 2246 adeo
994 2177 1375 2256 conectatos
1412 2176 1805 2256 animos-33.
1797 2178 2027 2267 ipsos
2072 2171 2211 2246 siba
2254 2170 2499 2244 locum
2543 2193 2636 2238 ae

515 2292 790 2373 tempus
819 2278 1217 2377 pugnandi
1251 2294 1696 2374 sumpturos,
1748 2285 1839 2349 si
1852 2279 1964 2351 ab
2013 2288 2442 2377 imperatore
2483 2303 2634 2348 non

515 2385 748 2457 detur.
794 2392 986 2458 Dum
1018 2386 1176 2457 -haec
1218 2387 1657 2482 loquuntur,
1692 2388 2015 2481 jumenta
2047 2386 2233 2460 forte
2272 2387 2632 2484 pascentia

516 2510 715 2565 extra
747 2495 1012 2566 vallum
1054 2495 1260 2578 Gallo
1298 2496 1615 2595 abigenti
1663 2496 1812 2568 duo
1846 2498 2107 2570 milites
2138 2498 2421 2568 romani
2458 2494 2631 2566 ade-

513 2617 826 2673 merunt.
863 2609 949 2695 Iu
981 2628 1104 2676 eos
1130 2627 1297 2676 saxa
1333 2608 1655 2700 conjecta
1690 2633 1730 2678 a
1772 2607 1991 2679 Gallis
2027 2634 2043 2676 ε
2091 2606 2350 2678 deinde
2386 2605 2476 2676 ab
2510 2631 2629 2676 ro-

513 2737 725 2785 mana
761 2716 1064 2786 statione
1108 2714 1381 2790 clamor
1415 2732 1660 2806 ortu5‚
1699 2743 1780 2790 ac
1816 2740 2239 2816 procursum
2288 2717 2630 2812 utrinque

521 2839 651 2896 est.
709 2830 1010 2923 Jamque
1053 2826 1250 2898 haud
1297 2829 1554 2924 procul
1588 2829 1786 2923 justo
1825 2828 2070 2925 praelio
2114 2853 2227 2898 res
2268 2842 2509 2914 erant,
2552 2826 2632 2894 ni

475 2975 478 2978 2
516 2936 841 3007 celeriter
875 2936 1314 3036 diremptum
1357 2952 1720 3012 certamen
1755 2958 1891 3036 per
1931 2939 2390 3009 centuriones
2420 2949 2627 3007 esset.

513 3044 884 3116 Affirmata
914 3062 1131 3119 certe
1154 3074 1242 3122 eo
1285 3074 1452 3119 casu
1490 3049 1702 3122 Tullii
1740 3048 1934 3146 apud
1985 3046 2405 3119 dictatorem
2446 3045 2630 3118 fides

515 3167 655 3236 est;
707 3178 841 3225 nec
888 3158 1278 3254 recipiente
1325 3158 1473 3251 jam
1515 3157 1928 3231 dilationem
1967 3182 2046 3228 re
2069 3213 2087 3246 ,
2130 3159 2204 3240 in
2252 3172 2629 3254 posterum

363 3317 392 3323 s
499 3261 701 3338 diem
752 3265 1090 3354 edicitur,
1139 3269 1289 3339 acie
1340 3282 1807 3364 pugnaturos,
1852 3269 2178 3342 Dictator-
2224 3282 2500 3354 tamen,
2543 3281 2628 3336 ut

512 3373 639 3468 qui
687 3377 912 3472 magis
948 3377 1233 3461 animi5‚
1271 3402 1488 3472 quam
1535 3377 1843 3467 viribus,
1879 3376 2104 3451 fretus
2140 3378 2231 3449 ad
2262 3392 2625 3450 certamen

509 3479 1006 3574 descenderet,
1030 3487 1269 3566 omnia
1288 3489 1835 3585 circumspicere
1853 3504 2067 3585 atque
2086 3491 2351 3585 agitare
2377 3487 2621 3585 coepit,

513 3605 594 3665 ut
644 3609 793 3670 arte
844 3595 1082 3693 aliqua
1113 3611 1491 3670 ,terrorem
1550 3599 1881 3676 hostibus
1934 3602 2307 3672 incuteret.
2360 3598 2622 3670 Solerti

510 3706 749 3778 animo
776 3731 931 3778 rem
960 3732 1223 3779 novam
1241 3704 1269 3750 ³
1291 3711 1679 3807 excogitat,
1697 3735 1840 3807 qua
1864 3708 2139 3798 deinde,
2155 3708 2362 3782 multi
2390 3706 2622 3780 nostri
2664 3759 2674 3766 -

580 3892 701 3940 Cu.
729 3896 871 3942 XIV.
901 3910 945 3942 1.
966 3897 1144 3942 Tamen
1157 3893 1415 3960 facturum
1437 3911 1513 3953 se,
1677 3913 1726 3945 2.
1748 3894 1952 3962 Dtffirri
1970 3912 2068 3944 non
2081 3911 2227 3960 posse
2244 3895 2459 3949 animes,
2480 3873 2615 3940 conf.

509 3970 690 4031 recepit
707 3970 794 4030 ad,
818 3974 974 4021 souin
993 3990 1070 4032 ne,
1088 3974 1139 4022 h.
1155 3991 1206 4022 ὀ.
1232 3974 1515 4033 affimavit,
1600 3976 1802 4025 ad-Tac.
1823 3978 1955 4024 Ann.
1977 3977 2131 4034 xm,
2155 3990 2250 4032 ao,
2275 3990 2326 4021 n.
2349 3989 2400 4032 7·

507 4047 747 4108 promisit.
778 4051 854 4099 Cf.
880 4051 945 4098 ad
975 4054 1231 4111 xxxin,
1261 4056 1348 4112 13,
1381 4070 1432 4101 ιι.
1457 4069 1516 4115 9;
1677 4056 1723 4101 3.
1750 4053 1925 4101 Solet-ti
1947 4054 2111 4102 animo
2139 4068 2238 4099 rem
2267 4068 2442 4106 novam
2468 4065 2617 4096 exeo-

505 4124 761 4185 XXXIX,
788 4135 872 4185 47,
894 4145 943 4175 ιι.
968 4131 1024 4188 3;
1056 4141 1104 4178 et
1129 4133 1244 4189 XL,
1273 4133 1360 4192 35,
1384 4149 1435 4180 ιι.
1463 4140 1512 4186 4.
1598 4131 1891 4195 girat...usi
1908 4143 2044 4188 sunt,
2075 4132 2139 4180 et.
2167 4133 2246 4190 X,
2279 4139 2339 4188 4,
2370 4142 2421 4178 et
2441 4132 2612 4176 From.
