3000 4717
517 376 655 460 258
1323 383 1403 449 T.
1475 383 1752 451 L1v11
2344 368 2594 481 &23:331

516 506 787 597 quippe
828 503 994 570 cens
1037 497 1265 569 alieni
1309 498 1635 573 stimulos
1684 524 1829 573 esse
1844 555 1866 588 ‚
1912 507 2044 600 qui
2070 526 2222 575 non
2262 519 2651 600 egestatem

515 610 735 681 modo
767 625 990 709 atque
1012 615 1483 707 ignominiam
1510 617 1908 695 minentur,
1947 609 2081 683 sed
2103 637 2320 685 nervo
2349 640 2442 685 ac
2469 621 2642 688 vin-

515 719 692 792 culis
708 716 742 764 ⁶
791 744 1053 818 corpus
1102 719 1402 791 liberum
1464 727 1802 793 territent.
1862 726 1954 793 Et
2007 737 2161 794 erat
2216 726 2373 795 aeris
2425 725 2645 797 alieni

513 854 772 928 magna
812 831 952 918 vis,
997 855 1078 901 re
1135 829 1679 930 damnosissima
1726 833 1943 902 etiam
1991 831 2369 923 divitibus,
2414 833 2645 906 aedifi-

511 941 746 1015 cando
773 953 1160 1013 contracta.
1183 939 1462 1011 Bellum
1483 942 1732 1038 itaque
1754 941 2078 1013 volscum
2092 996 2112 1031 ,
2135 966 2344 1040 grave
2366 968 2500 1042 per
2526 969 2604 1018 se
2617 1000 2639 1034 ‚

512 1065 894 1124 oneratum
917 1051 1339 1121 Latinorum
1358 1063 1578 1146 atque
1598 1053 2070 1123 Hernicorum
2096 1051 2498 1126 defectione
2511 1109 2531 1144 ,
2557 1057 2641 1127 in

514 1163 826 1260 speciem
842 1183 1070 1232 causae·
1079 1160 1419 1256 jactatum
1429 1214 1449 1244 ‚
1464 1174 1547 1230 ut
1570 1161 1798 1256 major.
1810 1175 2128 1259 potestas
2141 1175 2651 1261 quaereretur7.

515 1272 656 1344 Sed
683 1295 873 1343 nova
900 1270 1196 1344 consilia
1222 1270 1470 1342 Manlii
1491 1272 1722 1367 magis
1743 1271 2163 1369 compulere
2182 1287 2512 1344 senatum
2545 1272 2641 1344 ad

514 1383 941 1455 dictatorem
990 1380 1407 1454 creandum.
1468 1383 1766 1451 Creatus
1815 1385 1896 1452 A.
1948 1382 2326 1453 Cornelius
2374 1386 2639 1455 Cossus

512 1494 930 1590 magistrum
957 1493 1287 1588 equitum
1316 1492 1496 1564 dixit
1527 1497 1602 1562 T.
1635 1493 2014 1583 Quintium
2048 1493 2555 1591 Capitolinum.

607 1608 767 1676 XII.
796 1602 1158 1690 Dictator,
1199 1603 1335 1672 etsi
1361 1600 1710 1695 majorem
1746 1600 2280 1673 dimicationem
2310 1602 2635 1701 proposi-

509 1728 659 1783 tam
708 1710 945 1798 domi,
997 1733 1218 1806 quam
1264 1708 1440 1780 foris
1455 1764 1475 1798 ,
1538 1708 1915 1798 cernebat;
1964 1724 2204 1782 tamen
2222 1765 2244 1799 ,
2302 1735 2429 1783 seu
2466 1712 2637 1808 quia

513 1819 875 1892 celeritate
901 1817 993 1890 ad
1019 1817 1292 1890 bellum
1325 1843 1512 1916 opus
1541 1834 1692 1890 erat
1710 1874 1730 1907 ,
1764 1844 1892 1891 seu
1922 1821 2219 1892 victoria
2239 1820 2639 1920 triumpho·

509 1956 656 2028 que
688 1929 1071 2002 ‹dictaturae
1107 1930 1245 2024 ipsi
1284 1930 1472 1999 vires
1509 1952 1585 1999 se
1624 1928 2039 2002 additurum
2079 1945 2313 2019 ratuS,
2349 1931 2637 2003 delectu

511 2040 797 2128 habite,
817 2042 894 2112 in
917 2063 1168 2138 agrum
1192 2038 1690 2134 Pomptinum,
1716 2063 1866 2136 quo
1892 2038 2218 2112 aVolscis
2241 2041 2636 2114 exercitum

508 2151 862 2226 indictum
889 2149 1213 2221 audierat
1237 2158 1290 2235 ¹,
1317 2148 1580 2243 pergit.
1618 2154 1781 2223 Non
1811 2148 2106 2238 dubito,
2140 2164 2397 2248 praeter
2420 2152 2638 2223 satie-

507 2276 763 2360 tatem,
801 2272 913 2329 tot
942 2259 1088 2353 jam
1133 2254 1334 2342 libris
1371 2255 1652 2328 assidua
1682 2254 1874 2328 bella
1910 2282 2078 2329 cum
2114 2259 2384 2331 Volscis
2432 2273 2637 2357 gesta

509 2366 916 2467 legentibus
937 2364 1118 2437 illud
1142 2390 1439 2462 quoque
1469 2390 1984 2440 succursurum
2010 2367 2245 2466 (quod
2266 2368 2451 2440 mihi
2475 2393 2637 2467 per-

508 2475 831 2547 censenti
856 2473 1236 2571 propiores
1268 2474 1724 2573 temporibus
1751 2476 2008 2549 harum
2033 2502 2276 2549 rerum
2302 2493 2634 2551 auctores

505 2582 853 2655 miraculo
906 2580 1083 2677 fuit)
1107 2637 1127 2672 ‚
1188 2581 1386 2662 unde
1415 2581 1418 2586 ’
1444 2586 1658 2655 toties
1704 2585 1908 2656 victis
1938 2587 2217 2658 Volscis
2273 2603 2345 2658 et
2388 2590 2632 2685 AEquis

506 2692 921 2766 suffecerint
974 2693 1270 2782 milites;
1325 2693 1530 2790 quod
1578 2718 1809 2790 quum
1850 2695 1942 2767 ab
1983 2698 2299 2793 antiquis
2336 2699 2633 2769 tacitum

506 2804 1208 2905 praetermissumque
1240 2804 1391 2908 sit,
1444 2803 1651 2898 cujus
1693 2804 1984 2877 tandem
2033 2830 2166 2903 ego
2214 2807 2320 2877 rei
2371 2821 2632 2905 praeter

507 2916 968 3014 opinionem,
1014 2938 1174 3009 quae
1220 2937 1349 2985 sua
1384 2913 1650 3008 cuique
1683 2913 2120 3009 conjectanti
2155 2939 2307 2988 esse
2342 2928 2581 3013 potest
2602 2969 2633 3003 ‚

499 3107 672 3157 propr.
688 3103 760 3143 est
776 3106 974 3140 movere
985 3125 999 3150 ‚
1021 3090 1101 3140 vel
1117 3106 1255 3154 agere
1273 3100 1323 3137 et
1339 3090 1497 3137 facere
1508 3123 1523 3147 ‚
1683 3091 1732 3137 6.
1750 3090 1907 3138 Nervo
1918 3105 1979 3136 ac
1992 3089 2216 3148 vinculis,
2234 3108 2284 3139 v.
2302 3094 2350 3140 11
2361 3125 2377 3150 ,
2397 3091 2461 3138 23
2472 3124 2487 3150 ,
2507 3106 2560 3137 ιι.
2582 3106 2633 3143 ι.,

500 3173 632 3236 inpr.
649 3186 750 3217 rem
763 3186 948 3234 magnae
966 3167 1105 3217 molis
1115 3202 1131 3225 ,
1154 3184 1241 3215 seu
1258 3166 1457 3216 arduam
1475 3178 1526 3215 et
1610 3167 2022 3240 —AEdfficando,
2044 3184 2097 3215 re
2108 3165 2477 3228 damnosissima
2485 3203 2502 3226 ‚
2532 3179 2626 3220 etc.

502 3264 755 3312 magnam3
792 3247 971 3296 deinde
1015 3246 1204 3296 amoliri
1221 3280 1237 3305 ,
1269 3261 1494 3294 amovere
1509 3279 1524 3305 ‚
1684 3261 1732 3305 7.
1759 3248 1819 3292 In
1851 3246 2056 3309 speciem
2082 3263 2248 3296 causoe
2264 3246 2542 3313 jactatum,
2573 3256 2629 3295 ue

502 3345 550 3375 v.
575 3343 619 3375 c.
644 3326 805 3374 moliri
826 3325 982 3373 obices
997 3360 1012 3381 ,
1046 3335 1230 3371 montes
1256 3325 1369 3371 sede
1398 3341 1489 3372 sua
1504 3359 1520 3381 ,
1612 3322 1773 3389 major
1795 3335 2016 3387 potestas
2055 3336 2377 3389 quaereretur,
2418 3325 2626 3374 consilio

505 3423 684 3463 onera,
702 3415 932 3468 portam,
955 3414 1162 3458 terram,
1179 3402 1280 3459 VI,
1307 3403 1398 3461 333
1421 3404 1524 3459 IX,
1613 3401 1865 3450 dictatoris
1891 3403 2088 3452 dicendi
2111 3404 2520 3468 pretendebatur.
2548 3404 2626 3454 cf.

501 3488 562 3546 33
584 3484 780 3540 XXIV,
811 3483 905 3540 463
936 3481 1108 3538 XXV,
1134 3480 1227 3538 36,
1252 3495 1303 3526 ιι.
1333 3479 1365 3524 6
1402 3480 1524 3545 (ubi
1611 3481 1675 3527 ad
1701 3483 1777 3540 11,
1807 3497 1896 3541 12,
1918 3498 1968 3529 ιι.
1991 3497 2047 3542 7;
2069 3493 2119 3530 et
2145 3485 2227 3541 11,
2255 3483 2423 3541 3a‚n.
2449 3499 2501 3530 a.

502 3565 649 3630 paulo
666 3571 783 3627 post
797 3559 997 3607 amoliri
1011 3573 1278 3624 synonym.
1294 3557 1522 3623 dicitur);
1646 3591 1651 3594 -
1681 3560 1802 3608 Cu·-
1825 3563 1946 3610 XII.
1977 3577 2020 3610 1.
2050 3563 2156 3623 Quo
2180 3579 2217 3610 a
2236 3561 2416 3610 Volscis
2440 3562 2626 3610 exemi-

502 3642 732 3700 XXVII,
754 3640 847 3698 283
872 3639 1127 3696 XXVIII,
1150 3646 1245 3695 44,
1263 3653 1315 3685 n.
1338 3645 1370 3692 4
1392 3637 1524 3702 (mo-
1610 3648 1709 3685 tum
1730 3638 1964 3688 indictum
1981 3640 2232 3699 audierat,
2256 3658 2304 3688 v.
2325 3641 2389 3689 ad
2409 3642 2501 3698 IV,
2530 3641 2622 3697 25,

500 3724 693 3771 lienum
706 3718 844 3775 labec,
862 3727 1018 3765 castra
1030 3727 1333 3775 moventem,
1352 3732 1522 3780 parau-
1607 3733 1657 3763 n.
1683 3723 1732 3772 4.
1752 3744 1823 3754 -
1844 3721 2030 3766 Proeter
2050 3719 2349 3777 satietatem,
2377 3719 2623 3767 fastidium

501 3813 599 3849 tem
615 3799 878 3848 discessum
892 3806 942 3845 et
954 3793 1167 3860 fugam„
1190 3797 1443 3853 XXVIII,
1463 3810 1519 3854 73
1606 3795 1831 3858 legendi,
1860 3796 1913 3843 in
1942 3796 2116 3862 (quod
2142 3798 2272 3847 forte
2306 3795 2520 3861 excidit)
2548 3807 2623 3845 coe

498 3875 751 3925 XXXVII
765 3910 780 3935 ,
809 3891 834 3922 1
848 3890 870 3922 ι
903 3871 1198 3938 (moliuntur
1221 3891 1256 3921 a
1282 3886 1414 3921 terra
1433 3889 1520 3921 na-
1593 3874 1708 3939 jam
1734 3874 1865 3934 libris
1888 3910 1902 3923 .
1924 3910 1938 3923 .
1955 3908 1970 3923 .
1998 3875 2258 3940 legentibus
2285 3877 2411 3925 illud
2431 3890 2621 3940 quoque

497 3953 637 4017 ves);
663 3956 772 4010 XL,
797 3967 882 4013 29.
902 3953 1046 4001 Conf.
1071 3953 1134 4000 ad
1155 3955 1237 4011 11,
1264 3953 1354 4010 30,
1381 3951 1511 4013 n0⁸13
1598 3968 1963 4010 succursurum,
1995 3954 2111 4000 vide
2136 3953 2200 4002 ad
2219 3957 2285 4014 V,
2305 3955 2396 4013 54,
2412 3972 2463 4002 n.
2487 3971 2619 4001 a.—

496 4033 701 4085 xxm,
732 4031 791 4075 18
808 4061 823 4087 ,
850 4046 901 4075 ιι.
926 4044 981 4088 13
1013 4031 1267 4087 xxxm,
1300 4030 1349 4087 5,
1367 4046 1429 4103 ιι.
1452 4037 1512 4088 4;
1596 4030 1886 4095 Suffeceriut
1896 4048 1972 4090 se,
1990 4044 2195 4096 praesto,
2214 4050 2299 4084 seu
2315 4034 2369 4082 in
2388 4043 2623 4099 promptu

497 4108 751 4163 xxxvl,
778 4112 873 4163 24,
899 4122 948 4153 ιι.
982 4121 1026 4155 ι.
1597 4109 1805 4174 fuerint,
1834 4110 2177 4173 superfuerint.
