3000 4717
480 306 528 345 A.
555 305 602 345 C.
629 305 850 357 ¹1⁰⁰-399-

475 365 874 406 uem-3⁵3..
932 324 1125 394 LIB.
1190 327 1274 395 V.
1338 326 1560 396 CAP.
1625 326 1804 395 VII.
1869 326 2094 394 VIII.
2404 324 2534 416 137

422 445 767 536 instituit3
802 445 892 518 ab
918 446 1101 520 urbe
1130 464 1572 520 commeatus
1603 447 2023 534 intentiore,
2047 468 2266 541 quam
2294 458 2538 530 antea,

421 557 723 628 subvehi
755 582 961 646 cura3
1001 583 1094 629 ne
1132 558 1310 655 quid
1351 572 1496 629 tam
1534 557 1723 628 bene
1759 556 2020 626 merito
2057 554 2401 625 exercitui
2445 550 2538 622 ad

417 692 629 739 usum
663 666 996 742 deesset..

512 777 697 846 VIII.
739 780 1137 872 Insequens
1182 801 1417 848 annus
1452 776 1795 847 tribunos
1834 774 2145 849 militum
2180 773 2538 844 consulari

415 898 772 980 potestate
799 885 1053 956 habuit
1074 891 1155 956 C.
1186 882 1571 957 Serviliumx
1594 886 1891 970 Ahalam
1914 885 2209 957 tertium
2226 939 2246 974 ‚
2275 888 2364 973 Q.
2388 887 2542 954 Ser-

413 993 666 1064 vilium
678 1050 698 1084 ,
710 999 786 1066 L.
797 997 1197 1094 Virginium
1208 1054 1227 1084 ‚
1240 1001 1327 1089 Q.
1344 998 1738 1095 Sulpicium
1756 1052 1774 1086 ‚
1790 1002 1871 1068 A.
1886 996 2235 1067 Manlium
2253 995 2543 1082 iterum,

414 1096 531 1174 Μ’.
557 1109 883 1204 Sergium
925 1110 1226 1197 iterum;
1268 1109 1379 1179 his
1412 1108 1757 1197 tribunis,
1797 1107 1970 1178 dum
2014 1131 2183 1178 cura
2213 1105 2542 1176 omnium

413 1216 491 1286 in
518 1221 763 1290 veiens
798 1218 1071 1291 bellum
1112 1223 1389 1292 intenta
1416 1235 1559 1309 est,
1596 1220 2005 1317 neglectum
2041 1217 2318 1310 Anxuri
2355 1239 2541 1312 prae-

414 1325 675 1397 sidium
727 1330 1220 1429 vacationibus
1267 1329 1615 1400 militum¹
1668 1343 1740 1399 et
1781 1328 2063 1398 volscos
2108 1339 2543 1397 mercatores

410 1437 627 1534 vulgo
664 1441 1140 1538 receptando,
1199 1439 1507 1537 proditis
1541 1453 1842 1534 repente
1881 1451 2257 1536 portarum
2293 1449 2534 1506 custo-

412 1545 656 1637 dibus,
682 1574 1109 1647 oppressum
1131 1564 1271 1619 est:
1302 1550 1543 1619 minus
1566 1549 1878 1619 militum
1899 1548 2144 1646 periit,
2169 1547 2339 1644 quia
2361 1570 2537 1643 prae-

410 1671 522 1728 ter
548 1684 776 1755 aegros
799 1660 1100 1730 lixarum
1126 1660 1202 1727 in
1229 1658 1529 1730 modum
1556 1684 1811 1730 omnes
1842 1683 1971 1756 per
1998 1682 2207 1754 agros
2230 1657 2539 1727 vicinas-

409 1792 558 1863 que
585 1768 806 1840 urbes
834 1768 1407 1866 negotiabantur.
1446 1774 1598 1842 Nec
1610 1770 1806 1841 Veiis
1836 1769 2097 1841 melius
2124 1781 2319 1867 gesta
2347 1792 2464 1839 res
2482 1777 2541 1856 ²,

372 1968 378 1975 .
408 1877 614 1972 quod
655 1892 811 1979 tum
848 1896 1065 1979 caput
1107 1883 1435 1952 omnium
1481 1906 1820 1952 curarum
1858 1880 2316 1979 publicarum
2352 1894 2538 1967 erat;

404 2009 572 2057 nam
602 2004 676 2060 et
712 1988 933 2062 duces
968 1993 1251 2063 romani
1287 1991 1450 2089 plus
1485 1993 1675 2063 inter
1711 2016 1785 2063 se
1815 1993 2118 2079 irarum,
2158 2014 2378 2086 quam
2411 1987 2538 2059 ad-

402 2120 652 2170 versus
675 2099 920 2172 hostes
943 2103 1193 2193 animi,
1218 2102 1677 2173 habuerunt:
1710 2118 1783 2174 et
1808 2116 2100 2174 auctum
2129 2115 2235 2172 est
2260 2099 2538 2171 bellum

401 2205 720 2279 adventu
754 2214 1141 2309 repentino
1180 2214 1654 2310 Capenatium
1693 2227 1910 2311 atque
1942 2213 2404 2291 Faliscorum.
2444 2212 2536 2280 Hi

402 2313 550 2386 duo
578 2322 878 2390 Etruriae
915 2322 1202 2419 populi,
1241 2324 1410 2420 quia
1441 2323 1758 2420 proximi
1786 2323 2085 2425 regione
2124 2336 2367 2410 erant,
2406 2319 2538 2391 de-

405 2425 605 2496 victis
638 2431 870 2518 Veiis,
917 2430 1113 2503 bello
1161 2458 1461 2529 quoque
1508 2457 1813 2511 romano
1853 2457 1928 2504 se
1964 2432 2335 2531 proximos
2382 2428 2536 2500 fore

406 2536 820 2626 credente5‚
875 2540 1125 2611 Falisci
1167 2545 1463 2640 propria
1500 2546 1718 2614 etiam
1764 2560 1976 2616 causa
2011 2541 2288 2631 infesti,
2337 2540 2540 2640 quod

404 2642 703 2716 fidenati
740 2645 934 2719 bello
973 2673 1049 2720 se
1073 2651 1220 2743 jam
1257 2667 1470 2722 antea
1506 2655 2231 2752 immiscuerant‚per
2266 2654 2540 2750 legatos

403 2754 601 2826 ultro
643 2757 976 2853 citroque
1019 2760 1275 2829 missos
1319 2761 1796 2855 jurejurando
1839 2764 2029 2833 inter
2073 2787 2147 2833 se
2205 2762 2536 2857 obligati,

406 2887 573 2934 cum
601 2865 1035 2939 exercitibus
1064 2892 1201 2939 nec
1229 2870 1529 2967 opinato
1557 2869 1648 2941 ad
1675 2872 1893 2942 Veios
1920 2895 2299 2942 accessere.
2324 2878 2537 2941 Forte

475 3060 1188 3129 Cn.VI11.1.Negleceum
1222 3063 1426 3113 Anxuri
1517 3081 1631 3113 nem
1641 3075 1926 3130 ,porcarum
1944 3064 2243 3122 custodibus,
2265 3081 2536 3130 oppressum

406 3133 552 3199 (vide
571 3153 716 3203 supra
733 3140 824 3200 IV,
847 3140 947 3207 59)
963 3142 1248 3208 praesidium
1267 3159 1425 3191 vaea-
1516 3156 1601 3192 est.
1623 3145 1806 3193 Confer
1821 3155 1982 3192 tamen
1998 3143 2166 3204 ad1v‚
2188 3145 2284 3204 35,
2302 3160 2351 3192 ιι.
2379 3161 2421 3193 ι.
2436 3145 2539 3193 Alii

406 3213 613 3263 tionibus
660 3218 888 3277 militum,
939 3233 1213 3271 commeatu
1253 3223 1422 3271 multis

407 3292 549 3353 dato,
586 3305 634 3343 et
668 3297 747 3343 his
779 3300 951 3348 militia
984 3302 1101 3349 inde
1135 3302 1422 3353 vacantibus

405 3371 550 3438 (vide
576 3371 639 3419 ad
663 3375 714 3432 1,
738 3374 831 3435 57,
854 3393 903 3425 ιι.
933 3393 993 3441 23
1015 3381 1106 3440 IV,
1132 3381 1227 3439 26,
1251 3397 1302 3429 ιι.
1327 3380 1420 3445 6),

405 3461 454 3497 et
473 3450 668 3498 Volscos
695 3464 982 3503 mercatores
1011 3458 1163 3521 vulgo
1177 3492 1193 3516 ‚
1240 3460 1421 3523 passim

405 3539 454 3576 et
478 3529 641 3577 ubivis
664 3528 748 3595 (ut
773 3532 977 3592 XXVI,
1005 3550 1097 3594 27,
1133 3551 1183 3583 ιι.
1214 3536 1305 3602 5),
1341 3538 1420 3584 vel

401 3608 570 3671 potius
619 3609 920 3673 promiscue,
963 3612 1067 3659 sine
1118 3613 1422 3674 discrimine,

403 3683 557 3733 fidine
596 3699 759 3735 essent
792 3704 848 3736 ac
877 3688 1025 3753 probi
1061 3689 1283 3740 homines
1302 3727 1317 3752 ,
1341 3694 1424 3742 vel

397 3764 622 3813 amiciam
638 3766 920 3831 proditores
942 3765 1029 3832 (ut
1046 3768 1121 3815 VI
1134 3802 1150 3827 ‚
1179 3777 1238 3826 41
1249 3804 1263 3829 ,
1280 3787 1331 3818 ιι.
1357 3774 1386 3819 8
1404 3784 1422 3830 ;

398 3843 551 3908 ναξο
569 3856 642 3894 est
659 3846 1008 3905 communiter,
1028 3848 1305 3912 promiscue
1326 3860 1425 3898 tam

399 3939 464 3969 ex
474 3924 696 3973 Patribus
720 3942 867 3989 quam
884 3942 948 3974 ex
970 3923 1147 3991 plebe)
1169 3939 1422 3992 receptan-

398 4001 481 4057 do,
483 4003 711 4065 proditis,
722 4005 775 4052 in
787 4021 958 4053 manus
969 4004 1187 4054 hostium
1201 4006 1423 4065 ,Volsco-

399 4093 531 4153 ιιιιιι,
557 4082 769 4147 traditis,
791 4096 1008 4150 repente,
1029 4096 1209 4151 praeter
1225 4085 1423 4152 opinio-

1515 3223 1705 3272 emend.
1737 3223 2000 3288 peremptis
2043 3237 2263 3289 repente,
2294 3235 2419 3291 etc-5
2459 3225 2538 3272 vel

1510 3301 1746 3367 oppressis
1775 3314 1969 3367 repente
1989 3336 2003 3351 .
2016 3338 2029 3351 .
2042 3335 2054 3350 .
2070 3304 2324 3367 proditum
2352 3316 2441 3351 est.
2467 3331 2538 3339 -
2569 3294 2574 3299 ⁹

1510 3382 1677 3430 Minus
1715 3382 1922 3430 militum
1941 3381 2097 3447 periit
2117 3400 2136 3431 .·
2158 3384 2291 3448 peric
2320 3384 2536 3430 Florent.

1508 3462 1656 3509 Voss.
1679 3473 1912 3526 uterque,
1930 3462 2072 3517 Leid.
2102 3474 2309 3525 uterque
2328 3494 2343 3518 ,
2367 3458 2534 3507 Lovel.

1494 3554 1570 3607 p,
1605 3554 1633 3585 α
1650 3573 1668 3599 ,
1691 3541 1719 3586 3
1733 3574 1748 3600 ,
1769 3551 1817 3588 et
1839 3541 2041 3588 Gaertn.
2061 3538 2137 3588 Ita
2158 3539 2403 3587 interdum
2423 3554 2538 3603 pec·

1507 3627 1645 3664 eatur
1661 3618 1716 3664 in
1733 3618 1873 3667 libris
1891 3635 2038 3666 manu
2062 3618 2285 3665 exaratis.
2307 3615 2437 3664 Vide
2457 3634 2535 3665 ce·
2603 3617 2613 3629 '

1510 3695 1685 3742 leberr.
1714 3698 1881 3745 Burm.
1902 3697 1966 3744 ad
1990 3698 2122 3744 Suet.
2144 3696 2275 3758 Aug.
2298 3711 2343 3742 c.
2370 3711 2449 3742 10.
2466 3723 2538 3732 —-

1513 3772 1753 3820 Liaearum
1777 3774 1828 3820 in
1853 3774 2076 3831 modum,
2116 3773 2203 3837 qui
2241 3773 2427 3822 scilicet
2451 3790 2537 3822 ex-

1514 3851 1693 3901 ercitus
1719 3861 1988 3915 sequuntur
2002 3885 2017 3910 ‚
2041 3862 2099 3900 ut
2123 3852 2390 3901 vendendis
2413 3853 2537 3901 cibis

1514 3928 1776 3994 praedaque
1794 3929 1996 3977 emenda
2015 3941 2253 3994 quaestum
2278 3932 2475 3982 faciant.

1583 4024 1633 4055 ει.
1656 4008 1763 4055 Nec
1782 4007 1909 4056 Veiis
1933 4010 2101 4059 melius
2119 4022 2261 4077 gesta
2288 4028 2391 4070 res,
2418 4011 2531 4060 vide

1511 4087 1576 4136 ad
1600 4089 1709 4151 111,
1736 4089 1829 4161 ²3?
1855 4104 1906 4138 ιι.
1936 4105 1985 4140 2.
