3000 4717
409 364 645 471 3222}ss
692 384 876 453 LIB.
919 383 1127 451 vm,
1183 381 1391 449 CAP.
1445 383 1768 450 xxxn.
1822 386 2186 454 XXXIII.

2336 390 2478 482 499

356 507 819 582 dictatorem:
851 528 985 590 qec
1015 501 1269 599 procul
1298 500 1647 592 seditione
1678 500 1996 574 aberant.
2024 508 2132 576 Ne
2159 506 2481 579 tribunal

357 617 657 714 quidem
689 615 855 686 satis
886 614 1218 709 quietum
1248 626 1403 683 erat
1432 639 1447 680 z
1487 612 1742 708 legati⁷
1771 615 2318 689 circumstantes
2347 619 2482 691 sel-

355 729 499 799 lam
536 726 875 812 orabant,
910 737 991 793 ut
1028 747 1184 794 rem
1223 723 1300 791 in
1346 736 1722 820 posterum
1766 723 1955 795 diem
2001 723 2362 817 differret,
2410 747 2482 802 et

356 841 476 910 irae
511 863 653 910 suae
681 837 985 934 spatium
1005 888 1024 922 ,
1055 848 1127 904 et
1152 832 1456 905 consilio
1487 847 1770 930 tempus
1797 834 2035 905 daret:
2062 840 2248 908 Satis
2275 847 2483 910 casti·

346 965 601 1047 gatam
627 948 1170 1020 adolescentiam
1200 945 1418 1015 Fabii
1446 970 1591 1016 esse
1607 973 1628 1014 .-
1656 952 1825 1016 satis
1855 946 2335 1038 deformatam
2369 956 2484 1020 vi-

357 1065 654 1131 ctoriam
690 1085 711 1126 .·
762 1082 853 1128 ne
896 1053 1004 1126 ad
1044 1070 1453 1126 extremum*
1466 1055 1706 1149 finem
1751 1057 2081 1155 supplicii
2119 1060 2437 1131 tenderet
2461 1089 2482 1130 .·

352 1195 496 1241 neu
542 1174 751 1239 unico
782 1171 1045 1262 juveni
1063 1164 1117 1253 ⁸,
1164 1191 1307 1238 neu
1346 1173 1551 1263 patri
1590 1168 1745 1261 ejus
1759 1220 1781 1252 ,
1836 1166 2233 1239 clarissimo
2281 1177 2479 1257 viro,

354 1304 497 1350 neu
535 1278 788 1349 Fabioe
817 1281 1018 1375 genti
1050 1269 1216 1347 eam
1255 1277 1662 1372 injungeret
1695 1283 2186 1375 ignominiam.
2235 1283 2483 1371 Quum

353 1412 613 1485 parum
663 1386 1037 1485 precibuS‚
1090 1410 1344 1483 parum
1397 1410 1608 1457 causa
1654 1386 2174 1484 proficerenw,
2226 1396 2489 1461 intueri

350 1505 754 1569 saevientem
801 1502 1211 1570 concionem
1253 1495 1634 1590 jubebant.
1692 1503 1806 1568 Ita
1852 1503 2141 1569 irritatis
2183 1500 2487 1572 militum

353 1614 615 1679 animis
637 1607 945 1679 subdere
970 1613 1209 1704 ignem
1239 1632 1329 1677 ac
1356 1612 1736 1677 materiam
1762 1606 2130 1694 seditioni,
2162 1633 2308 1679 non
2338 1637 2489 1684 esse

352 1724 590 1790 aetatis
608 1772 628 1802 ,
676 1744 819 1788 non
847 1718 1265 1814 prudentiae
1309 1717 1483 1808 ejus.
1527 1722 1908 1791 Neminem
1948 1718 2031 1788 id
2071 1724 2156 1811 Q.
2208 1721 2441 1793 Fabio
2462 1779 2483 1810 ,

1241 1803 1256 1846 l

341 1851 646 1922 poenam
679 1825 1102 1923 deprecanti
1126 1850 1335 1895 suam
1349 1879 1371 1912 ,
1416 1831 1598 1896 vitio
1635 1852 2013 1898 versurum
2033 1883 2055 1915 ,
2092 1830 2226 1899 sed
2254 1831 2486 1902 dicta-

351 1944 529 2021 tori,
581 1942 648 2006 si
692 1936 1095 2007 obcaecatus
1145 1941 1258 2005 ira
1312 1937 1646 2029 infestam
1703 1936 2236 2009 multitudinem
2286 1945 2361 2010 in
2412 1966 2487 2013 se

343 2070 487 2141 pra
495 2069 578 2115 vo
631 2049 1010 2117 certamine
1050 2050 1397 2115 movisset.
1441 2051 1842 2133 Postremo,
1877 2071 1969 2117 ne
2005 2048 2087 2117 id
2116 2074 2194 2118 se
2226 2057 2486 2146 gratioe

349 2157 527 2226 dare
554 2160 641 2248 Q.
666 2154 883 2225 Fabii
902 2166 965 2198 ¹⁰
993 2156 1337 2243 crederet,
1362 2180 1440 2226 se
1437 2156 1962 2250 jusjurandum
1982 2154 2163 2227 dare
2175 2175 2483 2254 paratos

352 2291 535 2349 esse,
580 2291 730 2337 non
766 2267 1005 2336 videri
1031 2290 1071 2336 e
1095 2265 1470 2363 republica
1492 2276 1579 2352 1¹,
1612 2253 1692 2336 'in
1725 2270 1810 2358 Q.
1844 2266 2156 2337 Fabium
2190 2291 2276 2338 eo
2310 2284 2480 2340 tem-

334 2401 525 2470 pore
559 2377 1053 2447 animadverti.

449 2488 781 2554 XXXIII.
838 2486 963 2555 His
998 2484 1301 2555 vocibus
1342 2509 1576 2581 quum
1620 2486 1695 2554 in
1733 2510 1807 2556 se
1841 2487 2066 2584 magis
2102 2486 2486 2559 incitarent

355 2592 776 2665 dictatorem
794 2648 814 2682 ,
852 2617 1071 2691 quam
1109 2595 1187 2663 in
1222 2596 1647 2691 magistrum
1681 2597 2050 2692 equitum1
2073 2597 2445 2693 placarent
2465 2656 2483 2689 ‚

351 2796 392 2843 is
415 2794 648 2852 hostium,
675 2795 764 2859 qui
788 2795 838 2842 in
864 2792 1102 2859 confertos
1129 2790 1262 2839 circa
1286 2790 1371 2838 du-

350 2890 455 2922 cem
495 2875 723 2939 impetum
744 2873 968 2941 fecerat,
1014 2881 1070 2919 ut
1095 2870 1371 2918 exanimem

352 2953 592 3002 labentem
631 2971 697 3002 ex
737 2970 861 3019 equo
903 2951 1171 3015 Scipionem
1206 2948 1365 3009 vidit,

350 3034 539 3080 alacres
547 3034 736 3097 gaudio
757 3048 867 3080 cum
888 3032 1100 3079 clamore
1104 3046 1199 3095 per
1213 3041 1367 3077 totam

350 3110 506 3157 aciem
526 3112 812 3158 nunciantes
839 3110 1126 3158 discurrunt.
1154 3111 1244 3157 En.

424 3206 470 3248 7.
490 3189 664 3254 Legati
684 3190 787 3237 mil.
812 3189 1173 3236 circumstantes
1197 3188 1368 3235 sellam

350 3268 566 3316 curulem
592 3267 844 3316 dictatoris
859 3302 873 3325 ‚
908 3267 962 3313 in
986 3265 1218 3313 tribunali
1239 3268 1369 3330 posi·

349 3357 464 3395 tam.
492 3372 554 3382 -
580 3349 681 3394 Ira·
705 3362 806 3394 succ
829 3345 1064 3408 spatium,
1093 3356 1143 3391 et
1166 3345 1366 3393 consilio

351 3436 532 3489 tempus
551 3425 717 3483 daret,
744 3424 914 3473 confer
938 3426 1017 3480 11,
1045 3422 1109 3469 56
1136 3434 1261 3471 extr.

423 3507 470 3552 8.
494 3506 602 3552 Neu
622 3504 764 3551 unico
771 3503 940 3568 juveni
964 3501 1109 3569 (vide
1126 3501 1190 3549 ad
1206 3504 1232 3549 1
1248 3537 1262 3561 ,
1284 3517 1369 3563 αι,

349 3600 398 3632 ιι.
411 3583 467 3646 3)
482 3618 497 3639 ,
527 3600 621 3631 neu
641 3583 809 3631 Fabioe
819 3582 957 3647 genti
973 3596 1082 3628 eam
1100 3580 1371 3644 injungeret

350 3661 667 3728 ignominiam
694 3663 711 3721 (
735 3661 905 3709 confer
930 3663 1030 3719 111,
1070 3659 1136 3706 65
1165 3656 1323 3723 extr.)
1350 3675 1365 3709 ε

351 3741 541 3789 mallem
561 3757 673 3789 cum
700 3742 854 3788 Gron.
877 3740 1115 3798 inureret,
1138 3737 1275 3802 quod
1296 3749 1368 3785 ta-

350 3835 463 3870 men
485 3821 673 3885 primus
694 3818 949 3867 substituit
970 3822 1173 3868 Ascens-
1197 3844 1268 3854 —
1298 3818 1368 3864 At

352 3900 599 3965 injungere
635 3898 973 3964 ignominiam,
1015 3910 1070 3946 ut
1111 3898 1216 3961 ipse
1241 3897 1367 3943 Gro-

351 3979 530 4032 novius
553 3989 720 4035 notat,
762 3993 866 4025 nou
889 3977 1084 4025 videtur
1111 3987 1270 4023 tamen
1291 3975 1367 4021 in-

352 4059 662 4106 commodum
680 4056 918 4121 loquendi
939 4072 1106 4120 genus.
1130 4056 1211 4104 Sic
1228 4065 1277 4102 et
1294 4054 1370 4101 Li-

353 4137 465 4185 vius
503 4140 578 4187 111
597 4173 612 4199 ,
664 4134 776 4193 ⁴5:
820 4135 1068 4201 injungam
1102 4133 1370 4199 injuriam,-

1458 2793 1739 2838 xxxvln
1749 2825 1764 2850 ,
1786 2793 1815 2838 8
1828 2806 1842 2840 :
1849 2809 2053 2856 poenam
2069 2793 2319 2859 injungere
2333 2796 2458 2845 dixit
2471 2816 2485 2857 ;

1458 2881 1629 2917 notam
1649 2871 1809 2917 Valet.
1832 2872 2075 2930 Max.V1,
2113 2889 2145 2934 9
2160 2908 2174 2929 ‚
2209 2890 2285 2920 ex.
2315 2890 2343 2920 α
2359 2910 2374 2933 ,
2399 2875 2481 2921 de·

1459 2949 1733 2996 trimentum
1744 2949 1849 2997 Cic.
1863 2949 1926 2996 ad
1940 2951 2080 2997 Brut.
2091 2951 2248 3015 Epist.
2260 2952 2373 3000 fam.
2389 2955 2484 3012 XI,

1465 3028 1680 3075 13.Vide
1706 3040 1754 3075 et
1778 3028 1900 3077 Caee.
1920 3028 2039 3076 Bell.
2066 3030 2174 3078 Civ.
2196 3033 2247 3090 1,
2271 3039 2318 3086 4.
2345 3034 2435 3079 En.

1529 3121 1578 3168 9.
1601 3109 1787 3153 Parum
1805 3122 1957 3154 causa
1969 3108 2287 3176 proficerent,
2317 3111 2485 3158 defen·

1454 3185 1594 3233 aione
1609 3197 1657 3233 et
1669 3186 2000 3234 excusatione.
2009 3212 2080 3222 —
2096 3187 2309 3235 Subdere
2321 3189 2481 3256 ignem

1455 3280 1519 3311 ac
1546 3264 1804 3311 materiam
1839 3263 1985 3330 (vide
2011 3263 2075 3312 ad
2100 3266 2198 3324 VI,
2228 3284 2288 3324 α,
2322 3285 2373 3317 n.
2411 3267 2477 3334 6)

1454 3342 1707 3401 seditioni,
1739 3359 1833 3406 qua
1858 3344 2142 3409 metaphora
2175 3348 2319 3395 etiam
2345 3349 2477 3413 leges

1456 3421 1689 3470 dicuntur
1691 3420 1869 3487 faces(
1879 3422 1942 3471 al.
1961 3422 2168 3489 stimuli)
2191 3428 2478 3476 novantibus

1455 3517 1531 3549 res
1557 3501 1699 3566 (vide
1715 3501 1778 3548 ad
1801 3504 1850 3560 1,
1872 3502 1931 3549 52
1947 3536 1961 3561 ,
1984 3519 2033 3550 n.
2061 3501 2107 3568 1)
2132 3503 2206 3551 ad
2211 3504 2402 3568 plebem
2426 3506 2476 3553 in

1455 3580 1713 3643 optimates
1744 3580 2107 3629 accendendam
2143 3583 2374 3643 XXXII,
2410 3586 2474 3632 38

1456 3670 1581 3708 extr.
1605 3659 1748 3707 Conf.
1768 3659 1831 3706 ad
1846 3660 2162 3720 Sil.1V,778‚
2178 3663 2332 3721 ctVI,
2353 3663 2470 3712 332.

1533 3753 1612 3785 10.
1631 3737 1698 3784 Id
1711 3753 1761 3784 se
1771 3737 1952 3802 gratioe
1965 3738 2088 3785 darc
2101 3740 2158 3801 Q.
2168 3740 2338 3799 Fabii,
2358 3741 2473 3789 vide

1455 3815 1521 3864 ad
1543 3818 1644 3872 ΠΙ,
1676 3816 1770 3876 58,
1798 3832 1847 3863 n.
1880 3823 1927 3871 4.

1534 3911 1554 3941 ι
1568 3910 1611 3941 ι.
1626 3896 1742 3941 Non
1753 3893 1918 3942 videri
1932 3895 2218 3959 erepublica
2231 3897 2475 3956 cese3vid.

1455 3974 1521 4022 ad
1541 3975 1638 4032 vl,
1669 3988 1731 4020 αα
1749 4008 1764 4032 ,
1782 3989 1833 4019 ιι.
1863 3988 1910 4020 2.

1529 4053 1704 4102 cmm
1730 4052 1979 4099 xxxnl.
2008 4068 2052 4099 1.
2096 4055 2156 4100 In
2193 4055 2477 4121 magistrum

1457 4132 1672 4196 equitum
1675 4131 1939 4197 placarent
1952 4130 2243 4182 dictatorem
2253 4167 2268 4194 ,
2279 4146 2336 4185 ut
2347 4133 2479 4199 apud
2552 4183 2557 4187 .

1996 4215 2120 4288 32.
