3000 4717
241 611 250 642 ‘z

398 374 449 413 A.
476 372 525 413 C.
551 372 644 413 3⁵8.

399 433 647 494 ηαλμ.
741 431 746 436 ·
933 394 1248 462 LIBER
1296 391 1468 462 v11.
1524 393 1727 461 CAP.
1782 396 1867 461 x.
2316 396 2454 470 353

440 522 524 588 X.
567 518 712 587 Diu
750 517 940 588 inter
971 517 1322 613 primores
1351 515 1703 610 juvenum
1735 520 2223 602 Romanorum
2257 519 2460 589 silen-

345 628 526 697 tium
562 624 728 712 fuit,
773 649 1004 724 quum
1041 640 1114 696 et
1143 624 1461 696 abnuere
1497 640 1861 695 certamen
1897 641 2348 714 vererentur,
2386 640 2459 698 et

342 737 781 832 praecipuam
828 749 1097 805 sortem
1146 733 1443 832 periculi
1496 747 1744 832 petere
1796 732 2074 804 nollent
2116 761 2139 803 »ε
2188 749 2344 804 tum
2377 741 2454 805 T.

343 837 688 934 Manlius,
732 850 813 916 L.
855 844 1078 927 filius,
1115 845 1239 941 qui
1274 858 1555 941 patrem
1593 868 1634 914 a
1667 846 2044 935 vexatione
2088 843 2460 916 tribunitia

344 955 857 1040 vindicaverat,
896 979 985 1024 ex
1023 955 1328 1025 statione
1361 953 1450 1023 ad
1488 953 1914 1025 dictatorem
1948 957 2184 1052 pergit
2217 982 2232 1024 ε
2274 985 2308 1019 «
2334 959 2459 1024 In-

344 1092 377 1126 «
409 1064 612 1157 jussu
631 1077 783 1148 tue,
804 1064 1041 1161 inquit
1055 1117 1074 1151 ,
1094 1064 1510 1161 imperator,
1528 1077 1727 1133 extra
1740 1062 2072 1135 ordinem
2085 1088 2464 1162 nunquam

342 1201 376 1240 «
417 1175 912 1269 pugnaverim,
943 1198 1093 1244 non
1123 1174 1180 1244 si
1208 1187 1476 1243 certam
1503 1174 1874 1243 victoriam
1897 1171 2177 1244 videam
2195 1185 2244 1243 ¹.
2280 1175 2352 1243 Si
2379 1189 2463 1245 tu

344 1310 378 1346 «
416 1284 799 1378 permittis,
815 1284 982 1355 volo
999 1309 1135 1380 ego
1151 1283 1252 1354 illi
1272 1282 1529 1354 belluae
1549 1283 1955 1371 ostendere,
1972 1283 2268 1380 quando
2282 1282 2465 1358 adeo

248 1436 254 1442 -
344 1422 375 1456 α
412 1392 617 1465 ferox
645 1395 1010 1492 praesultat
1040 1395 1361 1466 hostium
1393 1394 1645 1490 signiS,
1672 1417 1789 1463 me
1818 1418 1907 1464 ex
1933 1417 2016 1464 ea
2047 1391 2309 1463 familia
2341 1418 2465 1464 or-

343 1530 376 1564 «
412 1517 565 1574 tum
580 1558 599 1589 ,
630 1530 789 1600 quae
813 1504 1188 1576 Gallorum
1217 1528 1473 1600 agmen
1498 1528 1583 1574 ex
1606 1526 1791 1599 rupe
1808 1502 2104 1599 Tarpeia
2127 1500 2411 1597 dejecit.
2430 1534 2465 1569 »

344 1615 528 1683 Tum
555 1614 884 1698 dictator,
914 1644 948 1679 «
967 1619 1198 1685 Macte
1220 1615 1520 1700 virtute,
1544 1613 1810 1710 inquit,
1850 1636 1932 1683 ac
1959 1613 2222 1708 pietate
2252 1613 2327 1682 in
2357 1638 2467 1710 pa·

344 1750 377 1784 «
417 1735 595 1793 trem
631 1726 1080 1821 patriamque
1101 1779 1120 1812 ,
1157 1729 1237 1795 T.
1278 1723 1536 1808 Manli,
1567 1737 1744 1794 esto,
1784 1727 2040 1820 Perge,
2084 1737 2156 1794 et
2195 1747 2466 1795 nomen

342 1860 378 1895 ι(
411 1856 790 1905 romanum
810 1836 1186 1920 invictum,
1203 1833 1622 1929 juvantibus
1637 1833 1772 1904 diis
1786 1887 1805 1919 ,
1825 1847 2096 1930 praesta.
2112 1863 2147 1898 ι)
2165 1837 2469 1904 Armant

343 1940 513 2013 inde
544 1943 889 2037 juvenem
934 1945 1242 2042 aequales
1290 1972 1306 2013 ε
1358 1944 1690 2041 pedestre
1732 1957 2016 2013 scutum
2064 1945 2295 2039 capit3
2353 1942 2466 2013 hi-

343 2074 573 2147 spano
615 2054 928 2153 cingitur
970 2055 1206 2152 gladio
1228 2109 1249 2143 ,
1281 2052 1371 2125 ad
1405 2055 1827 2151 propiorem
1862 2052 2086 2123 habili
2119 2077 2462 2149 pugnam.

342 2164 713 2233 Armatam
751 2164 1328 2262 adornatumque
1357 2164 1696 2235 adversus
1728 2163 2018 2234 Gallum
2054 2162 2309 2234 stolide
2351 2162 2463 2232 lae-

343 2282 535 2360 tum,
569 2286 641 2342 et
683 2270 1067 2369 (quoniam
1110 2274 1186 2350 id
1223 2300 1520 2373 quoque
1554 2273 1902 2345 memoria
1941 2272 2241 2371 dignum
2280 2274 2467 2342 anti-

345 2382 506 2473 quis
546 2383 960 2486 visumqest)
994 2385 1312 2482 linguam
1347 2387 1557 2457 etiam
1600 2383 1690 2455 ab
1731 2385 1939 2454 irrisu
1979 2397 2466 2469 exserentem,

344 2488 796 2581 producunt:
831 2494 1187 2589 recipiunt
1225 2494 1397 2566 inde
1440 2520 1516 2566 se
1550 2493 1642 2565 ad
1679 2495 2155 2584 stationem23
2201 2506 2274 2564 et
2316 2492 2463 2563 duo

414 2706 534 2754 Cu».
554 2707 622 2753 X.
644 2721 688 2753 1.
706 2703 819 2755 Non
839 2706 884 2755 εἰ
898 2708 1360 2757 σενεαηιωίοτονίαηι

345 2783 565 2841 videam,
587 2785 701 2833 vide
722 2786 784 2833 ad
803 2788 868 2843 V,
888 2787 973 2843 51,
992 2804 1043 2835 n.
1065 2789 1361 2835 1.-Macoe

344 2863 737 2922 virtute-..esem
765 2865 879 2914 vide
903 2865 967 2913 ad
989 2865 1065 2924 11,
1100 2882 1188 2924 12,
1207 2882 1257 2913 ιι.
1279 2882 1358 2914 ιο.

353 2967 405 2978 ··-
427 2944 647 3007 Hispano
664 2943 877 3010 cingitur
885 2944 1084 3010 gladio,
1107 2945 1169 2992 de
1190 2960 1290 3008 quo
1310 2961 1359 2992 v.

342 3021 523 3078 XXII,
550 3026 641 3082 463
673 3025 851 3088 Polyb.
867 3027 942 3083 11,
972 3026 1064 3083 333
1093 3027 1197 3082 111,
1235 3031 1356 3083 1143

341 3099 441 3156 VI,
466 3101 560 3163 233
583 3104 899 3167 alaim-Mil.
913 3120 1035 3153 rom.
1051 3106 1153 3162 111,
1176 3104 1363 3152 &Eum

341 3175 458 3223 belli
478 3177 671 3227 demum
688 3183 860 3244 punici
885 3185 933 3229 11
956 3182 1259 3247 temporibus
1275 3183 1361 3229 ad·

344 3255 519 3303 scitum
531 3272 559 3303 ι
571 3260 806 3307 Romanis
824 3260 944 3309 dieit
958 3272 1131 3309 auctor
1144 3263 1359 3310 incertus

344 3336 480 3398 apud
501 3339 637 3387 snid.
660 3341 713 3387 in
733 3357 782 3388 v.
809 3339 1065 3407 Μαχαίρα.
1100 3343 1230 3390 Hinc
1256 3344 1356 3408 gla-

343 3410 479 3459 dium
511 3412 585 3460 illi
618 3415 824 3462 similem
859 3416 1253 3479 intelligendum,
1278 3420 1357 3466 vel

341 3506 455 3537 eum
495 3508 586 3554 per
628 3493 883 3557 prolepsin
923 3494 1135 3556 positum
1181 3506 1360 3558 putant

341 3570 510 3634 Intpp.
545 3570 642 3618 Sed
667 3572 775 3619 talis
810 3571 999 3635 gladius
1018 3573 1122 3632 jam
1142 3584 1254 3621 ante
1279 3573 1361 3622 ina

339 3659 562 3712 tempora
607 3651 842 3697 Romanis
884 3649 1116 3698 tribuitur
1148 3653 1293 3699 etiam
1332 3669 1360 3700 a

343 3726 520 3789 Polyb.
547 3729 622 3786 11,
654 3730 748 3786 30,
779 3729 873 3786 33,
906 3738 956 3775 et
988 3727 1114 3776 Gell.
1142 3731 1242 3788 lx,
1272 3731 1359 3789 13,

340 3804 429 3851 ubi
450 3804 617 3854 eadem
632 3806 836 3854 historia
856 3808 1081 3857 similiter
1100 3824 1128 3855 ι
1155 3808 1361 3857 Claudio

340 3882 664 3946 Quadrigario
690 3897 934 3944 narratur,
964 3898 1019 3934 ut
1042 3899 1092 3935 et
1105 3921 1120 3945 ‚
1139 3886 1362 3950 pedestre

339 3973 528 4009 scutum
548 3961 643 4025 (ab
659 3962 869 4025 equestri
888 3965 1134 4012 diversum
1145 4000 1160 4023 ,
1185 3965 1359 4012 oblon-

346 4053 460 4101 gum
471 4074 486 4098 ‚
503 4035 606 4088 n‘on
622 4041 911 4100 rotundum,
930 4042 1083 4091 instar
1098 4042 1289 4109 clypei,
1306 4041 1367 4089 de

1445 2723 1552 2757 esse
1582 2725 1608 2756 a
1640 2711 2021 2774 Manlio-equite
2035 2746 2050 2769 ,
2075 2711 2349 2775 pedestrem
2374 2730 2466 2777 pu-

1446 2803 1593 2850 gnam
1604 2789 1802 2836 ineunte
1811 2823 1825 2847 ,
1843 2800 1893 2837 et
1901 2790 2094 2836 Gallum
2107 2790 2311 2837 irrisisse
2323 2802 2467 2853 atque

1447 2865 1667 2929 linguam
1684 2878 1974 2922 emer-tasse,
2005 2866 2067 2913 de
2083 2882 2183 2929 quo
2203 2883 2366 2914 sanuoe
2384 2884 2467 2931 ge·

1446 2958 1565 2992 nere
1583 2961 1633 2991 v.
1652 2947 1821 3009 Intpp.
1848 2947 1980 2991 Pers.
2000 2947 2049 3001 1,
2072 2944 2154 2992 60.
2175 2946 2250 2991 Ita
2270 2961 2467 3008 quoque
2534 2937 2539 2943 ⁴

1449 3023 1645 3071 Gallum
1685 3021 1939 3088 (eumdem
1977 3022 2103 3071 forte
2135 3022 2466 3087 Thrasonem)

1447 3103 1639 3167 pictum
1660 3101 1808 3149 fuisse
1829 3100 1883 3148 in
1905 3100 2128 3148 Mariano
2152 3100 2308 3166 (forte
2325 3104 2468 3150 Man·

1446 3179 1613 3243 liano)
1642 3191 1784 3229 scuto
1819 3177 2081 3237 cimbrico,
2117 3178 2267 3242 idque
2302 3180 2469 3230 multis

1448 3260 1609 3307 adhue
1646 3257 1837 3306 seculis
1872 3267 1991 3322 post
2023 3257 2078 3303 in
2115 3257 2225 3305 foro
2265 3275 2467 3308 romano

1443 3354 1733 3403 suspensum
1775 3347 1824 3384 et
1862 3336 2165 3399 publicatum
2207 3339 2437 3386 mansisse
2453 3374 2469 3395 ,

1444 3417 1732 3479 intelligitur
1750 3432 1813 3463 ex
1834 3415 1998 3464 Cicer.
2022 3414 2083 3463 de
2106 3417 2241 3462 Orat.
2270 3418 2344 3474 11,
2372 3418 2467 3477 663

1445 3496 1570 3543 Plin.
1589 3497 1812 3553 XXXV,
1832 3503 1862 3550 4
1876 3528 1893 3552 ,
1911 3510 1998 3541 seu
2019 3495 2075 3553 83
2101 3506 2150 3542 et
2167 3494 2464 3557 Quintilian.

1449 3576 1572 3623 Inst.
1586 3577 1772 3633 Onvl,
1793 3576 1842 3634 3,
1859 3591 1910 3622 ιι.
1928 3574 1994 3622 38
2006 3607 2021 3632 ,
2033 3573 2122 3621 ubi
2137 3574 2250 3620 vide
2262 3574 2466 3622 Gesner.

1450 3654 1592 3702 Cous.
1622 3653 1783 3716 Pighii
1810 3653 1989 3701 Annal.
2013 3654 2078 3700 ad
2101 3668 2216 3700 ann.
2247 3654 2344 3715 392
2369 3685 2383 3710 ‚
2415 3671 2468 3719 p.

1448 3746 1571 3791 277,
1597 3733 1681 3794 qui
1708 3747 1810 3779 non
1841 3732 1963 3779 male
1997 3733 2289 3796 suspicatur,
2326 3732 2469 3779 Livio

1448 3809 1730 3867 claudium,
1759 3822 1809 3858 et
1839 3812 2035 3874 utrique
2066 3811 2194 3858 hane
2228 3812 2469 3876 picturam

1448 3899 1562 3935 ante
1590 3889 1760 3936 oculos
1793 3889 1957 3938 fuisse.
1978 3916 2048 3926 —-
2074 3890 2154 3936 Ab
2180 3888 2347 3944 inim,
2370 3888 2439 3936 ob
2456 3918 2470 3941 ‚

1451 3976 1654 4029 propter
1675 3966 1880 4014 irrisum.
1903 3967 2046 4015 Conf.
2069 3966 2133 4014 ad
2158 3969 2208 4024 1,
2240 3982 2285 4026 1,
2307 3984 2358 4015 n.
2386 3968 2435 4015 5.

1530 4059 1579 4091 2.
1606 4042 1857 4107 Recipiunt
1879 4044 1993 4092 inde
2013 4061 2064 4092 se
2089 4045 2163 4092 ad
2185 4047 2469 4103 stationem,

354 4129 459 4178 qno
477 4135 526 4169 v.
544 4120 679 4184 Lips.
698 4120 807 4169 Mil.
826 4137 948 4170 rom.
966 4123 1069 4183 111,
1093 4120 1155 4188 α)
1178 4132 1375 4188 captum
1464 4122 1584 4172 dum
1609 4124 1779 4184 ambo,
1805 4135 1928 4173 teste
1954 4124 2159 4175 Claudio
2188 4125 2318 4190 apud
2348 4125 2474 4174 Gen.

608 4209 707 4275 II.

2012 4208 2102 4282 23
