3000 4717
2330 349 2381 386 A.
2410 350 2456 389 C.
2484 350 2576 401 39¹·

511 375 643 474 176
1340 377 1417 444 T.
1484 374 1765 459 Livii
2330 406 2460 449 uc.
2486 410 2579 451 ω.

505 514 712 570 turus
758 496 998 584 labor,
1049 520 1140 567 ae
1160 496 1354 567 Veiis
1395 494 1645 566 fuisset
1675 547 1695 580 ‚
1754 490 1831 561 ni
1873 488 2161 561 fortuna
2208 489 2628 586 imperatori

505 634 843 697 romano,
881 608 1091 679 simul
1129 622 1202 678 et
1242 606 1548 704 cognitae
1580 601 1800 674 rebus
1842 599 2114 672 bellicis
2151 599 2435 671 virtutis
2468 623 2628 698 spe·
2700 602 2705 607 ’

507 721 743 792 cimen
761 776 780 808 ‚
818 734 888 791 et
931 732 1287 790 maturam
1324 716 1694 788 victoriam
1734 707 2113 784 dedisset3.

601 833 892 899 XXVII.
935 832 1100 899 Mos
1135 841 1287 898 erat
1325 826 1646 915 Faliscis,
1689 822 1951 896 eodem
1989 823 2329 920 magistro
2363 819 2631 891 libero-

505 963 670 1011 rum
699 955 772 1010 et
799 941 1061 1010 comite
1087 939 1228 1008 uti:
1257 936 1617 1033 simulque
1642 934 1888 1032 plures
1915 934 2123 1031 pueri
2139 988 2158 1021 ,
2189 933 2388 1029 quod
2415 928 2633 1003 hodie

506 1072 804 1145 quoque
840 1048 916 1117 in
955 1049 1226 1118 Graecia
1256 1060 1503 1117 manet
1521 1056 1574 1134 ¹,
1615 1046 1831 1117 unius
1869 1068 2059 1115 curae
2096 1039 2634 1115 demandaban-

506 1168 665 1242 tur3
723 1157 1134 1254 principum
1180 1153 1448 1225 liberos
1471 1209 1490 1242 ‚
1557 1155 1741 1226 sicut
1799 1151 1947 1225 fere
1991 1153 2112 1241 fit,
2159 1156 2287 1250 qui
2340 1153 2636 1224 scientia

505 1265 1328 1369 videbatur-praecellere
1346 1321 1364 1355 ‚
1406 1263 1805 1336 erudiebat.
1839 1269 1909 1335 Is
1945 1288 2174 1361 quum
2208 1266 2285 1334 in
2318 1287 2494 1361 pace
2530 1263 2636 1335 in·-

507 1376 894 1448 stituisset²
922 1400 1191 1473 pueros
1219 1390 1386 1447 ante
1414 1374 1674 1447 urbem
1703 1374 1902 1445 lusus
1925 1373 2454 1471 exercendique
2481 1397 2640 1444 cau-

510 1510 587 1560 sa
626 1487 1068 1590 producere;
1116 1487 1297 1557 nihil
1335 1511 1423 1558 eo
1460 1511 1664 1557 more
1718 1510 1849 1583 per
1887 1484 2060 1557 belli
2097 1500 2381 1582 tempus
2409 1486 2636 1555 inter-

508 1602 725 1672 misso
754 1654 774 1686 ,
819 1612 977 1667 tum
1003 1651 1022 1684 ‚
1080 1598 1300 1668 modo
1349 1595 1804 1669 brevioribus
1834 1650 1854 1684 ‚
1912 1595 2134 1667 modo
2185 1593 2638 1692 longioribus

509 1710 788 1815 spatiiS,
821 1705 1178 1778 trahendo
1205 1731 1332 1778 eos
1360 1732 1400 1777 a
1427 1722 1675 1805 porta,
1711 1707 1875 1779 lusu
1904 1705 2503 1802 sermonibusque
2529 1719 2640 1776 vssa-

508 1820 732 1908 riatiS,
763 1818 1047 1913 longius
1085 1817 1298 1889 solito
1318 1872 1338 1907 ‚
1365 1816 1496 1888 ubi
1536 1842 1651 1888 res
1697 1817 1928 1908 dedit,
1961 1842 2413 1916 progressus,
2451 1818 2641 1889 inter

513 1931 852 2000 stationes
884 1952 1010 2001 eos
1047 1927 1368 2000 hostium
1405 1942 1780 2024 castraque
1812 1926 1982 1998 inde
2013 1952 2313 2008 romana
2343 1930 2420 1998 in
2458 1952 2640 2026 prae-

512 2042 782 2112 torium
823 2040 913 2112 ad
956 2039 1338 2110 Camillum
1376 2036 1715 2134 perduxit
1741 2046 1812 2123 93
1854 2035 1957 2106 ibi
1998 2037 2300 2109 scelesto
2343 2037 2644 2110 facinori
2716 2070 2725 2077 ’

516 2151 1000 2223 scelestiorem
1025 2172 1436 2222 sermonem
1470 2146 1747 2217 addidit
1778 2172 1794 2214 ε
1825 2147 2149 2217 Falerios
2177 2172 2253 2217 se
2285 2155 2357 2217 in
2381 2173 2645 2220 manus

513 2266 860 2334 Romanis
887 2259 1308 2344 tradidisse5
1345 2254 1646 2353 quando
1690 2279 1811 2325 eos
1821 2278 2133 2351 pueros,
2179 2279 2484 2353 quorum
2501 2282 2644 2352 pa-

516 2387 744 2442 rentes
776 2375 1026 2465 capita
1061 2368 1164 2437 ibi
1201 2391 1439 2436 rerum
1482 2372 1662 2451 sint,
1693 2371 1765 2435 in
1787 2379 2224 2462 potestatem
2262 2365 2635 2439 dediderit.

515 2486 692 2571 Quae
731 2479 861 2550 ubi
896 2478 1238 2550 Camillus
1281 2475 1585 2566 audivit,
1615 2480 1835 2549 «Non
1865 2476 1953 2547 ad
1991 2477 2297 2549 similem
2315 2478 2600 2575 ,inquit
2620 2533 2640 2566 ,

590 2686 636 2733 3.
665 2684 737 2731 Ni
744 2681 958 2748 fhrtuna
985 2685 1268 2747 imperatori
1289 2686 1426 2743 Rom.
1451 2682 1537 2729 de-

517 2762 662 2810 disset
700 2762 844 2809 simul
880 2774 953 2819 et,
987 2761 1193 2827 cognitoe
1233 2773 1373 2810 antea
1398 2762 1538 2808 rebus

518 2841 724 2900 bellicis,
767 2840 963 2889 virtutis
995 2841 1231 2905 specimen
1247 2877 1263 2899 ‚
1303 2841 1399 2888 hoc
1431 2852 1507 2889 est
1525 2875 1541 2899 ,

1697 2684 1818 2762 Cu.
1833 2685 2104 2732 xxxvn.
2131 2701 2177 2734 1.
2206 2685 2353 2748 Quod
2367 2683 2514 2733 hodie
2529 2700 2646 2749 quo·

1628 2779 1721 2827 que
1750 2761 1896 2828 (vide
1914 2765 1977 2814 ad
2004 2768 2054 2826 1,
2087 2767 2174 2825 26,
2194 2783 2245 2814 n.
2273 2766 2355 2831 11)
2381 2767 2430 2814 in
2454 2764 2649 2812 Graecia

1629 2853 1823 2899 manet,
1850 2844 1904 2891 in
1928 2860 2023 2892 usu
2048 2856 2136 2893 est.
2153 2844 2508 2907 —Principum
2533 2842 2649 2890 libe-

414 2937 418 2942 ·
521 2920 800 2984 speciminis
839 2919 1034 2968 virtutis
1073 2919 1287 2985 (scilicet
1332 2918 1450 2967 fidoi
1493 2932 1545 2968 et

514 2999 748 3064 justitiae)
775 2999 955 3047 edendi
983 3000 1315 3059 occasionem,
1357 3014 1441 3046 seu
1476 3000 1544 3046 fa-

523 3078 778 3137 cultatem3
798 3090 847 3124 et
857 3094 946 3142 per
962 3077 1059 3125 hoc
1079 3079 1326 3142 specimen
1346 3079 1543 3126 virtutis

524 3166 768 3202 maturam
788 3156 1065 3204 victoriam.
1084 3156 1185 3221 (Sic
1197 3157 1354 3203 Simul
1367 3167 1539 3213 et...et‚

526 3243 622 3281 etc.
639 3268 652 3292 ‚
677 3249 733 3280 ac
755 3234 901 3280 simul
920 3249 1149 3280 nec-..nec
1166 3234 1292 3281 infra
1311 3236 1545 3292 XXXII,

522 3298 592 3360 '18
617 3312 726 3377 pr.)
751 3314 874 3373 Quae
897 3312 1159 3376 explicatio
1183 3323 1296 3377 apta
1316 3313 1516 3376 quidem
1532 3348 1545 3372 ‚

524 3391 611 3440 sed
635 3407 739 3439 non
760 3391 876 3438 satis
904 3390 1133 3456 expedita
1160 3403 1258 3439 est.·
1274 3392 1377 3439 Alii
1395 3392 1547 3456 speci-

524 3487 632 3518 men
658 3472 711 3518 in
739 3469 900 3535 primo
926 3486 1040 3517 casu
1064 3470 1341 3536 accipiunt,
1363 3483 1439 3530 et,
1467 3471 1548 3518 vel

524 3551 813 3615 particulam
852 3561 899 3596 et
932 3560 1044 3597 ante
1088 3561 1333 3598 maturam
1372 3561 1548 3614 putant

528 3630 810 3687 delendam,
846 3628 926 3675 vel
951 3629 1211 3692 legendum
1241 3644 1254 3677 z
1280 3629 1334 3676 ni
1333 3628 1549 3695 sor-tuna

527 3708 829 3774 imperatoris
852 3707 1065 3755 Romani
1083 3707 1252 3764 simul,
1280 3719 1327 3754 et
1343 3709 1550 3773 cognitae

527 3804 660 3836 nunc
685 3790 824 3835 rebus
852 3787 1053 3851 bellicis,
1068 3785 1136 3833 ‘in
1163 3788 1320 3845 bello,
1352 3803 1414 3837 ac,
1432 3803 1550 3853 pro-

528 3866 654 3912 batae
675 3866 901 3914 hostibus
933 3864 1129 3913 virtutis
1161 3865 1396 3929 specimen
1411 3902 1427 3923 ‚
1466 3883 1551 3914 ex-

529 3944 770 4007 emplum,
797 3945 877 3992 vel
904 3944 1110 4009 cognita·
1136 3961 1188 3991 re
1211 3961 1310 4007 non
1337 3944 1512 3992 bellica
1529 3964 1551 4002 ;

532 4022 610 4064 vel
637 4021 892 4082 incognitoe
917 4023 1056 4069 rebus
1076 4022 1254 4070 bellicis
1283 4023 1548 4086 specimen,

485 4148 488 4153 ‚
535 4096 583 4141 ei
608 4107 850 4143 maturam
872 4097 1132 4144 victoriam
1155 4098 1377 4147 dedisset.

1631 2937 1738 2979 ros,
1759 2932 1853 2970 ete.
1884 2923 2029 2972 Conf.
2055 2923 2167 2969 infr.
2198 2921 2262 2968 ad
2293 2923 2459 2978 XLII,
2488 2928 2574 2981 47,
2596 2935 2647 2968 n.

1634 3000 1906 3065 2.—Apud
1924 3001 2222 3048 Priscianum
2234 3034 2248 3058 ,
2266 3000 2352 3047 lib.
2367 3000 2491 3045 VIII
2502 3033 2516 3057 ,
2536 3013 2647 3063 pag.

1635 3080 1752 3127 823.
1768 3079 1990 3143 Alpheus
2008 3078 2182 3125 Avitus
2196 3111 2211 3134 ,
2228 3076 2314 3126 lib.
2333 3079 2385 3126 11
2404 3078 2650 3126 Excellen-

1631 3158 1780 3214 tium,
1799 3159 1917 3203 Tum
1939 3156 2160 3203 literator-
2173 3157 2382 3205 creditus
2390 3158 2530 3205 Ludo
2553 3159 2650 3205 Fa-

1635 3236 1800 3282 liscum
1821 3234 2017 3291 liberos,
2039 3234 2309 3283 Caussatus
2317 3236 2367 3283 in
2385 3237 2548 3301 campi
2553 3252 2651 3300 pa-

1634 3325 1735 3361 tens
1749 3312 2006 3377 Exn-aque
2022 3314 2151 3361 muri
2161 3314 2336 3362 ducere
2345 3351 2362 3373 ,
2381 3314 2650 3380 Spatiando

1625 3392 1874 3455 paulatim
1895 3392 2048 3441 trahit
2064 3392 2267 3441 Hostilis
2280 3395 2355 3442 ad
2365 3395 2493 3443 valli
2508 3395 2653 3442 latus.

1633 3472 1728 3518 En.

1706 3567 1754 3598 α.
1776 3554 1827 3598 Is
1846 3567 1994 3615 quum
2017 3552 2067 3599 in
2083 3569 2214 3617 pace
2234 3553 2535 3609 instituisset,
2555 3551 2654 3599 hoc

1636 3630 1786 3678 moris
1798 3630 2049 3680 habuisset
2059 3665 2075 3690 ‚
2089 3633 2506 3681 consuevisset.-
2514 3633 2651 3687 ssim,
2728 3688 2737 3699 „

1637 3721 1899 3774 postquam
1920 3711 2157 3759 nefarium
2175 3711 2272 3760 hoc
2300 3711 2557 3760 consilium
2581 3724 2655 3757 ce·

1637 3799 1792 3853 perat.

1714 3868 1760 3914 3.
1774 3869 1912 3914 Inter
1926 3867 2156 3915 stationes
2175 3884 2255 3916 eos
2276 3867 2536 3916 hostium...
2540 3881 2656 3930 per-

1640 3946 1788 3994 duxit
1800 3963 1820 4003 ;
1836 3936 1965 3994 ‘forte
1985 3946 2178 4010 legend.
2200 3948 2330 3996 intra
2343 3982 2360 4004 ,
2382 3947 2459 3994 vel
2475 3947 2551 4001 in,
2576 3944 2657 3991 vel

1632 4041 1821 4087 per.—
1837 4024 2047 4086 Quando
2071 4041 2150 4073 eos
2163 4039 2372 4089 pueros,
2398 4033 2491 4071 etc.
2510 4022 2655 4073 conf.

1643 4102 1706 4146 ad
1731 4115 1837 4162 cap.
1859 4102 1950 4157 25,
1968 4115 2020 4147 n.
2049 4099 2095 4146 3.
