3000 4717
2153 325 2201 361 Α.
2226 320 2274 361 C.
2300 321 2526 377 377—376.

466 341 602 431 298
1317 344 1392 410 T.
1457 346 1564 413 LI
1580 346 1736 412 Vll
2155 381 2208 420 U.
2230 382 2278 421 c.
2301 385 2529 438 375-376.

461 484 537 532 se
582 464 935 534 Praeneste
974 459 1371 533 includunt.
1436 467 1621 535 Octo
1675 477 2016 561 praeterea
2063 462 2334 561 oppida
2377 478 2581 534 erant

459 568 595 640 sub
641 569 912 646 ditione
940 573 1543 646 Praenestinorum
1581 600 1599 642 z,
1644 574 1735 646 ad
1766 598 1849 646 ea
1885 574 2383 648 circumlatum
2420 573 2580 645 bel-

465 679 650 767 lum;
702 679 1229 779 deincepsque,
1280 682 1477 758 haud
1531 708 1795 782 magno
1841 680 2279 756 certaminess.
2316 686 2578 781 captiS,

460 789 763 860 Velitras
792 791 1146 860 exercitus
1161 790 1442 863 ductus.
1476 799 1593 864 Eae
1621 809 1916 890 quoque
1943 807 2395 890 expugnatae3
2422 809 2579 868 tum

460 899 552 970 ad
592 915 808 997 caput
839 899 1014 980 belli
1049 906 1398 976 Praeneste
1430 917 1755 980 ventum.
1805 903 1887 976 Id
1928 919 2084 976 non
2124 905 2230 991 vi,
2284 904 2410 975 sed
2451 929 2583 1002 per

462 1009 939 1100 deditionem,
993 1025 1369 1112 receptum
1423 1026 1552 1083 est.
1600 1018 1677 1083 T.
1731 1014 2110 1102 Quinum,
2152 1014 2380 1086 semel
2433 1015 2583 1084 acie

461 1122 723 1211 victor,
757 1120 951 1194 binis
978 1124 1222 1192 castris
1246 1122 1599 1211 hostium,
1631 1147 1892 1194 novem
1919 1111 2208 1221 oppidis
2225 1126 2297 1194 vi
2324 1125 2579 1222 captiS,

461 1236 817 1306 Praeneste
875 1233 952 1303 in
1002 1232 1447 1306 deditionem
1497 1249 1793 1331 accepto
1815 1287 1835 1315 ,
1887 1238 2191 1305 Romam
2245 1235 2580 1320 revertit3

458 1342 1059 1439 triumphansque
1114 1344 1438 1440 signum,
1496 1347 1851 1416 Praeneste
1907 1341 2290 1416 devectum
2311 1395 2330 1429 ‚
2390 1342 2582 1412 Jovis

463 1454 926 1550 Imperatoris
953 1454 1031 1522 in
1057 1453 1491 1550 Capitolium
1521 1453 1686 1524 tulit
1700 1456 1753 1521 4.
1790 1452 2221 1523 Dedicatum
2250 1465 2358 1522 est
2392 1453 2580 1522 inter

461 1561 713 1632 cellam
755 1563 950 1632 Jovis
1003 1587 1085 1636 ac
1129 1566 1473 1638 Minervae
1495 1560 1562 1653 ⁵3
1624 1562 2013 1661 tabulaque
2059 1559 2194 1633 sub
2250 1587 2338 1636 eo
2398 1561 2537 1634 fixa
2559 1615 2587 1649 ‚.

461 1673 994 1744 monimentum
1016 1698 1261 1746 rerum
1291 1688 1683 1771 gestarum,
1714 1674 1825 1744 his
1859 1671 2081 1746 ferme
2108 1674 2331 1747 incisa
2362 1672 2583 1744 literis

468 1779 604 1852 fuit
642 1810 657 1852 ε
695 1790 993 1881 Jupiter,
1045 1800 1264 1882 atque
1298 1785 1440 1856 diva·
1486 1809 1733 1858 omnes
1782 1784 1920 1855 hoc
1961 1782 2348 1869 dederunt,
2388 1798 2466 1852 ut
2502 1788 2580 1852 T.

474 1896 805 1984 Quintius
847 1893 1158 1972 dictator
1196 1895 1468 1992 oppida
1519 1919 1763 1966 novem
1810 1909 2110 1991 caperet.
2161 1893 2296 1963 Die
2333 1892 2581 1963 vicesi-

466 2027 620 2089 mo,
669 2030 887 2101 quam
926 2020 1205 2078 creatus
1234 2019 1385 2078 erat
1401 2059 1419 2092 ‚
1457 2003 1811 2080 dictatura
1854 2029 1927 2074 se
1963 2001 2338 2074 abdicavit.

554 2119 777 2186 XXX.
811 2117 1117 2190 Comitia
1135 2114 1308 2186 inde
1329 2112 1576 2190 habita
1604 2112 2072 2186 tribunorum
2091 2110 2400 2181 militnm
2424 2132 2590 2179 con-

460 2225 676 2296 sulari
720 2242 1113 2323 potestate3
1149 2224 1792 2321 ‚quibus.aequatus
1832 2224 2296 2320 patriciorum
2329 2217 2586 2316 plebe-

448 2336 838 2432 iorumque
867 2359 1236 2412 numerus.
1262 2338 1368 2410 Ex
1390 2332 1720 2407 Patribus
1748 2335 1968 2406 creati
1987 2338 2063 2406 P.
2094 2346 2168 2406 et
2191 2335 2270 2401 C.
2298 2327 2587 2412 Manlii,

456 2468 617 2514 cum
662 2450 739 2513 L.
777 2444 967 2514 Julio
1005 2471 1020 2512 ε
1063 2443 1315 2541 plebes
1343 2449 1421 2515 C.
1463 2444 1877 2544 Sextilium,
1916 2449 2013 2516 M.
2054 2442 2455 2526 Albinium,
2490 2443 2570 2509 L.

458 2555 846 2625 Antistium
869 2553 1089 2628 dedit.
1114 2555 1400 2630 Manliis
1419 2609 1437 2644 ,
1470 2554 1673 2652 quod
1693 2580 1956 2656 genere
1977 2552 2301 2651 plebeios
2315 2605 2334 2639 ‚
2364 2548 2585 2647 gratia

455 2768 568 2817 vide
592 2768 655 2816 ad
667 2771 745 2827 ΙΙ,
771 2776 829 2825 14
842 2804 855 2828 ,
875 2785 925 2815 n.
948 2770 996 2816 3.
1012 2795 1079 2804 ——
1098 2770 1216 2816 Octo
1230 2779 1474 2832 praterea

455 2849 638 2913 oppida
665 2860 808 2895 erant
828 2850 914 2895 sub
947 2846 1131 2894 dicione
1156 2845 1476 2894 Praenesce‘no-

455 2943 578 2975 rum.
619 2928 846 2987 Conjicio
879 2927 1128 2991 scripsisse
1155 2926 1347 2973 Livium
1374 2941 1476 2972 non

445 3017 713 3069 praterea,
760 3006 848 3053 sed
866 3021 961 3068 per
989 3022 1050 3053 ea
1082 3017 1315 3068 tempora.
1343 3006 1473 3075 Tur:

427 3067 431 3080 ι
452 3089 636 3132 Fumi.
648 3084 857 3133 Codices
871 3084 994 3131 nihil
1004 3092 1193 3131 mutant
1204 3116 1218 3140 ‚
1232 3082 1328 3129 nisi
1342 3081 1476 3144 quod

443 3175 709 3228 propterea
739 3164 902 3227 legant
927 3162 1062 3210 Leid.
1094 3177 1171 3225 pr.
1209 3171 1257 3207 et
1287 3163 1473 3222 Fragm.

454 3243 580 3292 flav.
600 3258 628 3288 a
647 3257 793 3290 manu
802 3243 973 3306 prima.
1000 3240 1094 3290 Sed
1113 3240 1181 3288 ita
1200 3255 1329 3302 saepe
1342 3248 1475 3301 pra-

455 3331 529 3368 ter
543 3332 593 3368 et
606 3332 811 3384 propter
824 3321 877 3367 in
896 3319 1238 3382 manuscriptis
1257 3333 1475 3365 commu-

456 3410 637 3448 tantur.
660 3401 751 3447 En.

528 3480 574 3526 3.
614 3480 943 3540 Deinceps-que
965 3477 1029 3524 iis
1058 3473 1198 3522 haud
1224 3492 1404 3540 magno
1430 3491 1472 3522 c.

455 3574 524 3614 0.,
548 3557 661 3605 vide
680 3557 744 3604 ad
770 3558 822 3615 1,
842 3571 1003 3613 ηιμ).
1030 3559 1076 3603 8.

527 3644 573 3691 4.
588 3637 803 3701 Signum,
817 3638 1058 3682 Prceneste
1067 3633 1326 3690 devectum,
1345 3633 1476 3681 Iovis

451 3714 767 3778 Imperatoris
784 3714 834 3762 in
863 3714 1154 3777 Capitolium
1176 3713 1317 3760 uelit:
1340 3712 1476 3776 quod

451 3802 613 3840 tamen
639 3810 667 3841 a
685 3796 743 3841 T.
759 3794 966 3857 Quintio
981 3793 1214 3841 Flaminio
1231 3803 1295 3839 nx
1311 3794 1472 3840 Mace-

452 3871 601 3919 donia
622 3874 829 3921 Romam
851 3874 1106 3921 devectum
1131 3881 1180 3919 et
1204 3872 1259 3919 in
1271 3871 1469 3934 capito-

450 3949 520 3996 lio
543 3951 758 4012 positum
778 3952 926 3999 fuisse
949 3952 1097 4000 refert
1113 3951 1359 3999 Cie.Verr.
1377 3950 1470 4007 IV,

454 4027 536 4076 58.
564 4027 623 4074 Id
648 4044 766 4076 vero
791 4031 921 4077 Iovis
950 4031 1117 4093 potius
1143 4029 1341 4097 Οὐρίου,
1370 4032 1471 4076 Im·

441 4107 687 4175 pet-acoris
694 4140 711 4164 ,
728 4108 807 4156 vel
825 4109 1198 4171 Temperatur-is,
1215 4108 1293 4156 vel
1303 4107 1472 4156 Imbri-

1565 2766 1754 2824 cicoris,
1806 2766 1885 2813 vel
1921 2763 2185 2827 Impuberis
2223 2762 2413 2825 signum
2439 2759 2584 2806 fuisse

1565 2847 1873 2911 suspicantur
1892 2845 1985 2890 viri
2005 2842 2157 2890 docti.
2181 2841 2366 2889 Confer
2386 2838 2512 2885 Duk.
2534 2848 2586 2884 et

1565 2925 1714 2971 Drak.
1747 2923 1810 2970 ad
1842 2923 1976 2971 hunc
2001 2923 2190 2978 locum,
2224 2919 2358 2983 Lips.
2377 2917 2438 2965 ad
2457 2916 2583 2964 Plin.

1565 3006 1682 3050 Pan.
1697 3003 1726 3049 5
1737 3019 1751 3060 ;
1769 3001 1929 3065 Ryek.
1953 3000 2013 3048 de
2028 2999 2238 3066 Capitol.
2259 3016 2300 3045 c.
2321 3005 2419 3054 24;
2441 2995 2587 3060 Alex.

1567 3082 1746 3131 Donat.
1775 3078 1836 3126 de
1861 3080 1980 3126 urbe
2005 3082 2160 3126 Roma
2183 3080 2260 3135 Π,
2287 3093 2333 3136 7.

1639 3159 1684 3205 5.
1713 3160 1847 3204 Inter
1868 3157 2042 3204 cellam
2066 3156 2196 3204 Iovis
2230 3171 2292 3202 ac
2328 3153 2577 3208 Minervoe,

1534 3237 1678 3294 ‚vide
1704 3237 1767 3284 ad
1795 3238 1899 3296 ΙΙΙ,
1945 3251 2032 3297 17,
2058 3253 2109 3283 n.
2138 3237 2185 3283 3.
2215 3261 2288 3271 --
2317 3231 2587 3296 Hisferme

1565 3315 1719 3363 incisa
1755 3315 1903 3363 literis
1925 3314 2057 3380 ficit,
2106 3314 2276 3361 confer
2309 3314 2436 3358 Fest.
2474 3325 2584 3356 voc.

1571 3395 1807 3442 Trientem
1824 3428 1839 3450 ,
1886 3410 1950 3441 ex
1981 3408 2080 3457 quo
2107 3392 2306 3456 Pighius
2332 3390 2472 3455 plura
2500 3387 2588 3435 ad-

1559 3474 1681 3535 iecit
1716 3473 1896 3532 verba,
1941 3488 2049 3542 quae
2085 3472 2322 3519 Gruterus
2359 3468 2503 3517 etiam
2532 3466 2586 3513 in

1565 3552 1857 3617 exemplaria
1899 3551 2026 3598 Livii
2071 3550 2251 3599 retulit.
2296 3547 2391 3597 Sed
2434 3563 2490 3595 ea
2531 3546 2586 3593 in

1564 3633 1701 3681 nullo
1741 3631 1945 3696 reperiri
1981 3630 2113 3678 libro
2142 3640 2243 3678 ant.
2262 3662 2278 3687 ,
2323 3639 2371 3675 et
2397 3626 2589 3673 Livium

1562 3711 1785 3762 hocloco
1800 3711 1981 3760 dixisse
1979 3708 2166 3775 ferme,
2185 3707 2410 3770 adeoque
2429 3715 2588 3753 totum

1565 3790 1763 3840 titulum
1789 3775 1864 3838 vel
1891 3790 2163 3852 ignorasse„
2201 3786 2282 3833 vel
2321 3798 2590 3833 memorare

1562 3870 1780 3920 noluisse
1795 3902 1810 3927 ‚
1830 3870 1932 3929 jam
1957 3866 2149 3924 monuit
2182 3865 2339 3913 Gron.
2362 3887 2431 3900 --
2460 3862 2588 3909 Mox

1566 3946 1959 3998 Duodevicesimo
1982 3944 2060 3993 die
2077 3946 2203 3993 MSS
2230 3942 2427 4007 quidam
2454 3939 2592 3988 exlu’-

1567 4028 1704 4076 bent.
1725 4026 1870 4075 Conf.
1888 4027 2094 4088 Eun-op.
2116 4026 2195 4082 11,
2219 4037 2270 4081 a,
2295 4032 2344 4069 et
2368 4020 2511 4083 Pigh.
2538 4019 2593 4066 in

1567 4105 1745 4155 Annal.
1764 4105 1828 4154 ad
1845 4120 1959 4153 ann.
1983 4104 2083 4163 374
2099 4136 2114 4162 ,
2137 4118 2188 4166 p.
2207 4109 2326 4156 240.
