3000 4717
2313 326 2362 376 A:
2390 325 2437 364 C.
2462 329 2555 372 ⁴²3·

485 330 576 399 62
1354 336 1428 401 Τ.
1496 338 1769 405 LIVII
2316 383 2433 423 uc,
2462 387 2552 433 Μ,

480 457 707 525 otium
757 452 895 523 fuit
946 454 1282 524 romanis.
1337 459 1604 554 Legem
1625 468 1652 497 ²
1698 456 1790 528 de
1834 457 2266 532 muletarum
2305 466 2608 539 aestima-

438 551 447 560 ’
478 565 677 633 tione
704 576 1108 659 pergratam
1136 564 1412 659 populo
1431 619 1450 654 ,
1475 591 1706 662 quum
1734 566 1825 638 ab
1847 567 2404 670 tribunisparari
2429 602 2603 648 con—

438 707 444 714 ‚
480 673 670 744 sules
714 677 929 744 unius
981 699 1072 744 ex
1116 673 1416 771 collegio
1469 673 1882 774 proditione
1933 684 2428 780 excepissent,
2469 690 2605 785 ipsi

476 799 1161 881 praeoccupaverunt
1181 781 1210 827 3
1248 783 1455 857 ferre.
1486 788 1844 861 Consules
1864 795 1946 861 L.
1978 795 2263 890 Sergius
2302 796 2603 870 Fidenas

473 894 773 980 iterum,
804 901 1072 965 Hostus
1116 897 1490 967 Lucretius
1530 898 2028 995 Tricipitinus:
2084 902 2268 973 nihil
2301 904 2603 1002 dignum

474 1004 674 1077 dictu
707 1021 948 1077 actum
988 1006 1100 1077 his
1151 1007 1592 1078 consulibus.
1648 1011 1950 1105 Sequuti
1986 1036 2109 1084 eos
2143 1015 2478 1087 consules
2513 1021 2594 1107 ᾼ.

475 1116 852 1187 Cornelius
882 1121 1183 1205 CossuS,
1211 1122 1288 1187 T.
1329 1118 1671 1208 Quintius
1703 1123 1990 1191 Pennus
2016 1122 2300 1194 iterum.
2334 1128 2597 1198 Veien-

473 1242 581 1299 tes
627 1229 704 1297 in
754 1252 1008 1324 agrum
1043 1251 1427 1297 romanum
1484 1229 1946 1299 excursiones
1987 1227 2337 1302 fecerunt.
2384 1237 2598 1302 Fama
2651 1283 2660 1293 ι

468 1336 632 1425 fuit,
661 1337 1014 1435 quosdam
1044 1363 1130 1407 ex
1157 1336 1605 1409 Fidenatium
1627 1339 2009 1433 juventute
2035 1343 2420 1438 participes
2444 1343 2599 1438 ejus

469 1449 957 1545 populationis
995 1446 1248 1535 fuisse3
1286 1449 1750 1544 cognitioque
1781 1449 1934 1542 ejus
1968 1451 2073 1519 rei
2103 1454 2178 1520 L.
2209 1452 2493 1548 Sergio,
2524 1465 2597 1521 et

468 1551 575 1647 Q.'
592 1559 920 1646 Servili0,
948 1571 1019 1626 et
1044 1561 1258 1627 Mam.
1287 1555 1568 1629 AErnilio
1596 1561 1974 1656 permissa:
2007 1559 2303 1655 quidam
2326 1563 2596 1633 Ostiam

462 1669 806 1765 relegati,
841 1668 1038 1761 quod
1060 1721 1078 1750 ‚
1126 1691 1255 1736 cur
1310 1691 1441 1761 per
1501 1693 1625 1738 eos
1690 1668 1843 1740 dies
1894 1694 1935 1738 a
1987 1668 2272 1741 Fidenis
2326 1670 2593 1743 abfuis-

464 1794 656 1865 sent,
690 1800 946 1873 parum
979 1774 1353 1844 constabat
1383 1803 1399 1843 τ
1437 1777 1870 1848 colonorum
1903 1779 2189 1852 additus
2216 1805 2590 1871 numeruS,

461 1913 773 1987 agerque
804 1887 888 1956 iis
924 1884 1129 1957 bello
1158 1886 1757 1982 interemptorum
1798 1890 2213 1986 assignatus
2268 1893 2593 1965 Siccitate

462 2026 551 2070 eo
579 2024 772 2069 anno
807 1997 1199 2095 plurimum
1233 1994 1639 2066 laboratum
1668 2010 1773 2067 est
1806 2024 1822 2065 ε
1855 2022 1992 2069 nec
2027 2000 2336 2073 caelestes
2370 2002 2592 2074 modo

460 2105 851 2180 defuerunt
883 2131 1084 2204 aquae
1110 2161 1128 2194 ‚
1169 2106 1296 2177 sed
1327 2121 1516 2176 terra
1545 2130 1843 2203 quoque
1866 2161 1885 2194 ,
1920 2108 2243 2204 ingenito
2281 2110 2592 2184 humore
2697 2193 2701 2198 ,

457 2248 708 2320 egens,
734 2222 851 2290 vix
883 2218 975 2289 ad
1009 2243 1368 2316 perennes
1406 2215 1689 2288 suffecit
1725 2242 1975 2288 amnes
2009 2244 2024 2286 ε
2060 2218 2378 2291 defectus
2417 2222 2593 2294 alibi

421 2319 808 2427 'aquarum
857 2329 1041 2399 circa
1086 2328 1397 2398 torridos
1446 2325 1684 2397 fontes
1730 2328 2069 2424 rivosque
2116 2343 2421 2425 stragem
2464 2333 2581 2400 siti

454 2464 804 2539 pecorum
832 2439 1298 2508 morientium
1328 2437 1527 2507 dedit
1544 2464 1562 2525 3
1581 2436 1816 2508 scabie
1841 2438 1977 2509 alia
2003 2437 2378 2536 absumpta
2401 2467 2416 2508 ε
2438 2441 2590 2511 vul·
2669 2504 2673 2508 .

453 2551 744 2648 gatique
773 2562 1110 2619 contactu
1129 2548 1205 2617 in
1232 2549 1564 2620 homines
1582 2546 1857 2636 morbi,
1890 2562 1961 2620 et
1982 2549 2217 2647 primo
2249 2551 2325 2619 in
2348 2571 2578 2647 agres-

452 2673 562 2731 tes
588 2662 1011 2759 ingruerant
1039 2660 1490 2756 servitiaque.
1523 2658 1712 2730 Urbs
1740 2658 2003 2731 deinde
2033 2660 2409 2757 impletur:
2440 2685 2580 2733 nec

453 2775 806 2871 corpora4
833 2769 1053 2842 modo
1090 2768 1345 2842 affecta
1371 2770 1580 2859 tabo,
1608 2768 1736 2841 sed
1764 2771 2043 2843 animos
2070 2793 2368 2869 quoque
2397 2770 2576 2842 mul-

1558 2990 1726 3037 ovium
1755 2989 1959 3036 duarum
1990 2999 2039 3036 et
2065 2989 2218 3037 boum
2247 2990 2472 3053 triginta0
2492 2989 2580 3037 mi-

1558 3068 1691 3115 nima
1705 3082 1823 3114 vero
1842 3067 1951 3114 ovis
1968 3068 2138 3127 unius,
2159 3079 2308 3132 utque
2330 3083 2474 3116 ovem
2492 3067 2577 3115 de·

453 3011 475 3040 1
485 3030 497 3042 .
513 2994 645 3042 Hinc
665 2995 809 3042 etiam
831 2993 953 3040 dare
971 3004 1020 3041 et
1037 2992 1284 3062 ostendere
1293 2962 1486 3055 panum⁴

447 3073 543 3120 sihi
564 3085 883 3137 opponuntur
899 3074 1181 3129 xxxvn,
1204 3088 1252 3130 7,
1275 3088 1326 3120 ιι.
1350 3087 1399 3118 2.

519 3167 567 3197 2.
605 3155 778 3215 Legem
814 3152 875 3199 de
907 3152 1222 3206 muletarum,
1250 3149 1470 3208 mulctae,

443 3230 736 3294 pecuniariae
764 3245 923 3294 poenae
936 3263 953 3286 ,
985 3228 1305 3275 aestimatione
1319 3246 1337 3283 ;
1369 3243 1463 3289 qua

442 3320 674 3356 renovata
702 3308 893 3355 videtur
918 3309 1000 3355 lex
1030 3307 1195 3354 Atei-ia
1230 3307 1460 3369 Tarpeia,

440 3389 505 3436 ab
524 3389 586 3437 A.
608 3388 780 3436 Ater-io
810 3399 858 3434 et
884 3389 968 3450 Sp.
993 3386 1201 3450 Tarpeio
1229 3402 1354 3433 coss.
1383 3386 1459 3451 (v.

443 3485 551 3533 sup.
574 3471 651 3516 111
665 3500 678 3522 ‚
703 3469 730 3514 3
743 3465 789 3528 ι)
808 3483 884 3513 an.
914 3465 1035 3513 urb.
1056 3464 1202 3512 cond.
1223 3464 1346 3513 CCC
1367 3465 1463 3512 lata

442 3548 504 3594 de
543 3548 724 3594 mulcta
766 3563 800 3593 a
848 3543 1206 3609 magistratibus
1253 3543 1464 3591 dicenda

442 3626 639 3691 ejusque
664 3624 1003 3680 ωεείιηαείοηε,
1033 3635 1086 3671 ut
1119 3640 1222 3671 non
1256 3625 1464 3671 consuli-

441 3704 534 3752 bus
567 3717 751 3758 tantum
788 3704 957 3770 (quod
992 3705 1097 3768 lege
1130 3703 1323 3751 Valeria
1361 3714 1463 3751 erat

443 3784 696 3845 cautum),
723 3785 810 3832 sed
835 3784 1064 3832 omnibus
1089 3799 1285 3847 quoque
1316 3784 1462 3846 magi-

448 3863 676 3909 stratibus
706 3862 874 3910 liceret
910 3864 1139 3913 mulctam
1176 3862 1338 3910 dIcere
1368 3862 1457 3920 iis,

443 3941 530 4003 qui
544 3941 637 3986 sibi
651 3940 785 3995 dicto
800 3957 902 3988 non
915 3953 1074 3989 essent
1087 3942 1338 3989 audientes
1350 3974 1364 4001 ‚
1381 3943 1462 3990 vel

442 4035 540 4066 ωε
570 4019 824 4083 potestatis
854 4019 1200 4082 dignitatisque
1233 4021 1361 4068 laesae
1388 4021 1460 4069 rei

443 4110 493 4148 et
512 4097 751 4157 convicti,
771 4108 829 4145 ut
844 4097 1317 4159 gravissima-maleta
1336 4113 1461 4150 esset

1558 3146 1661 3203 nis,
1688 3145 1866 3193 bovem
1887 3148 2104 3194 centenis
2124 3147 2311 3196 assibus
2334 3148 2575 3196 animam

1561 3235 1610 3272 et
1638 3224 1876 3272 redimere
1899 3225 2096 3285 liceret;
2124 3226 2238 3274 vide
2261 3226 2470 3292 Dionys.
2493 3227 2574 3284 X,

1559 3319 1669 3367 pag.
1701 3303 1803 3363 674
1833 3300 1949 3365 (ubi
1977 3304 2109 3352 haud
2139 3305 2287 3354 dubie
2316 3306 2578 3369 legendum

1559 3376 1649 3433 δύο
1685 3375 1916 3451 πρόῧοὶτοι
1953 3383 2038 3436 καὶ
2075 3385 2337 3453 τριάκοντα
2377 3375 2576 3450 &lach

1554 3461 1676 3508 Gen.
1704 3464 1803 3518 xl,
1839 3477 1895 3521 13
1928 3464 2055 3510 Fest.
2079 3479 2187 3511 voc.
2207 3466 2488 3529 peculatus,
2525 3475 2576 3512 et

1552 3539 1722 3587 Koolii
1737 3541 1924 3589 Comm.
1940 3542 2002 3588 ad
2015 3542 2141 3590 hanc
2151 3542 2307 3607 legem
2321 3544 2375 3591 in
2386 3543 2572 3592 Othon.

1552 3619 1696 3670 Thes.
1724 3621 1830 3667 Jur.
1863 3631 1980 3669 tom.
2002 3622 2497 3686 V.--Ea·cepissent,
2522 3639 2571 3670 v.

1552 3698 1613 3744 ad
1633 3701 1708 3758 11,
1735 3706 1764 3754 4
1778 3732 1793 3757 ‚
1814 3716 1865 3747 n.
1889 3702 1940 3748 3.
1989 3690 1996 3696 ’

1623 3787 1669 3833 3.
1694 3786 2335 3852 Ρνωοσωιρανεηυιτρητ,
2365 3786 2481 3836 vide
2508 3788 2572 3836 ad

1549 3867 1601 3925 Ι,
1628 3875 1690 3921 14
1703 3900 1719 3925 ‚
1745 3883 1794 3913 n.
1820 3869 1866 3914 3.
2381 3899 2384 3902 -

1620 3954 1668 4001 4.
1701 3945 1917 4011 Corpora
1944 3943 2129 4010 afficta
2156 3946 2298 4004 tabo,
2332 3946 2394 3994 al.
2427 3947 2564 4002 tabe,

1550 4024 1682 4087 qnod
1703 4024 1834 4073 idem
1857 4033 1954 4081 est,
1983 4025 2090 4072 soil.
2120 4024 2254 4073 lenta
2282 4025 2567 4089 corruptio,

1548 4119 1636 4152 seu
1652 4104 1960 4167 consumptio
1981 4103 2195 4162 ongiusvis
2212 4104 2285 4152 rei
2305 4114 2360 4153 et
2389 4119 2566 4169 corpo·-
