3000 4717
471 374 523 412 A.
552 369 596 411 c.
626 367 717 423 ³7³·

469 434 715 486 Μ...
916 392 1225 461 LIBER
1272 393 1400 460 v1.
1455 393 1670 461 cAP.
1723 392 2032 458 xxxv.
2114 461 2134 485 ‚
2393 373 2542 482 309

418 514 945 613 persolveretur
993 540 1009 582 τ
1056 513 1352 584 alteram
1404 512 1494 583 de
1544 511 1767 584 modo
1813 533 2186 607 agrorum,
2235 535 2329 580 ne
2377 512 2541 606 quis

399 623 583 721 plus
618 624 1011 720 quingenta
1049 623 1302 720 jugera
1343 624 1492 721 agri
1539 617 1983 719 possideret³
2030 646 2051 688 t.
2089 622 2406 706 tertiam,
2449 646 2547 691 ne

416 733 882 805 tribunorum
923 735 1234 806 militum
1279 737 1569 814 comitia
1618 734 1878 805 fierent
1899 735 1962 821 4,
2015 732 2547 828 consulumque

419 844 673 940 utique
707 843 888 916 alter
931 870 1021 916 ex
1050 845 1270 943 plebe⁴
1308 859 1697 916 crearetur.
1745 847 2026 915 Cuncta
2069 842 2389 937 ingentia
2409 895 2428 928 ,
2471 856 2542 911 et

419 974 582 1046 quae
636 952 788 1023 sine
841 956 1230 1026 certamine
1279 956 1593 1025 maximo
1644 953 1962 1026 obtineri
2011 976 2162 1022 non
2220 965 2538 1048 possent.

424 1063 773 1133 Omnium
817 1064 1034 1161 igitur
1076 1065 1291 1136 simul
1326 1090 1604 1154 rerum,
1653 1088 1961 1161 quarum
1997 1062 2382 1136 immodica
2418 1085 2538 1132 cu·

421 1168 596 1266 pido
644 1173 836 1243 inter
883 1175 1223 1245 mortales
1274 1189 1417 1263 est,
1470 1177 1664 1273 agri,
1715 1176 2090 1273 pecuniae,
2140 1171 2542 1258 honorum,

420 1278 831 1355 discrimine
869 1288 1284 1382 proposito,
1320 1287 1695 1357 conterriti
1728 1291 2007 1372 PatreS,
2051 1308 2280 1381 quum
2324 1283 2547 1379 trepi-

422 1390 712 1464 dassent
730 1390 784 1482 ⁵,
820 1395 1127 1492 publicis
1161 1398 1600 1494 privatisque
1635 1394 1950 1466 consiliis
1986 1394 2193 1465 nullo
2224 1392 2549 1464 remedio

422 1500 564 1571 alio
583 1556 602 1589 ,
645 1521 907 1602 praeter
949 1522 1319 1604 expertam
1341 1506 1608 1576 ·multis
1637 1508 1783 1601 jam
1829 1521 1995 1576 ante
2039 1501 2551 1577 certaminibus

424 1612 1049 1705 intercessionem,
1089 1618 1430 1704 inventO,
1476 1617 1781 1713 collegas
1844 1614 2182 1692 adversus
2233 1613 2551 1686 tribuni-

422 1722 560 1791 tias
608 1726 1017 1819 rogationes
1077 1741 1700 1822 comparaverunt.
1760 1728 1943 1817 Qui,
1998 1725 2127 1797 ubi
2178 1724 2410 1796 tribus
2462 1725 2552 1794 ad

427 1830 847 1931 suffragium
894 1836 1295 1907 ineundum
1349 1837 1551 1918 citari
1599 1861 1639 1906 a
1683 1837 1962 1907 Licinio
2012 1837 2402 1932 Sextioque
2444 1834 2554 1902 vi-··

429 1940 733 2031 derunt,
786 1946 1024 2041 stipati
1073 1950 1357 2018 Patrum
1407 1945 1755 2042 praesidiis
1779 2000 1799 2034 ,
1840 1970 1978 2016 nec
2020 1946 2304 2015 recitari
2341 1965 2554 2039 roga-

426 2054 663 2125 tiones
684 2109 704 2143 ,
740 2081 879 2127 nec
912 2057 1235 2129 solemne
1270 2058 1670 2156 quidquam
1722 2059 1917 2129 aliud
1969 2057 2057 2129 ad
2105 2056 2554 2128 sciscendum

425 2161 624 2259 plebi
674 2162 831 2235 fieri
878 2170 1065 2263 passi
1112 2183 1327 2256 sunt;
1359 2169 1656 2269 jamque
1707 2167 1972 2239 frustra
2018 2192 2203 2265 saepe
2249 2165 2558 2237 concilio

427 2271 814 2364 advocate,
864 2303 1092 2374 quum
1151 2304 1285 2377 pro
1342 2281 1735 2376 antiquatis
1764 2279 2172 2376 rogationes
2218 2290 2456 2348 essent
2477 2272 2554 2363 6;

430 2411 463 2445 α
503 2389 693 2455 Bene
729 2385 987 2476 habet,
1023 2390 1264 2486 inquit
1293 2391 1612 2479 Sextiae,
1644 2388 2237 2487 quandoquidem
2269 2400 2558 2457 tantum

507 2563 555 2610 3.
575 2563 652 2612 Ne
670 2566 778 2629 quis
790 2568 904 2630 plus
930 2586 1073 2632 quem
1092 2570 1355 2635 quingenta
1361 2572 1448 2636 ju·
1536 2574 1742 2632 XXIII,
1758 2574 1838 2638 Ι31
1867 2585 2021 2632 extr.;
2048 2572 2278 2630 XXVII,
2303 2572 2396 2629 34,
2423 2585 2473 2617 ιι.
2502 2576 2558 2627 4;

427 2657 551 2708 gera
568 2643 700 2707 agri,
719 2645 906 2693 scilicet
923 2647 1135 2711 publici,
1151 2664 1255 2695 non
1271 2650 1452 2712 privati
1539 2650 1769 2708 XXXV,
1784 2666 1872 2709 10,
1899 2668 1949 2699 ιι.
1972 2667 2023 2710 13
2045 2653 2195 2699 XXX
2203 2651 2306 2708 IX,
2329 2650 2391 2696 32
2406 2683 2421 2708 ,
2439 2664 2490 2696 ιι.
2507 2662 2555 2694 2.

433 2720 577 2785 (vide
601 2722 665 2769 ad
691 2724 823 2787 Epit.
851 2724 957 2771 Liv.
988 2724 1052 2772 58
1069 2758 1085 2783 ‚
1110 2741 1161 2772 ιι.
1190 2725 1276 2790 2),
1293 2727 1451 2790 possi-

432 2800 570 2848 deret
580 2819 603 2858 ,-
618 2813 691 2859 et,
719 2802 761 2849 si
780 2803 890 2868 quis
907 2803 1047 2867 plura
1074 2803 1348 2868 possideret
1362 2838 1377 2861 ,
1401 2820 1457 2851 ea

432 2881 560 2928 inter
567 2882 759 2947 plebem
770 2897 912 2945 aequo
924 2882 1086 2947 pretio
1097 2881 1453 2931 dlviderentur:

433 2977 543 3024 quae
554 2962 635 3009 lex
652 2962 835 3026 agraria
854 2962 1034 3026 saepius
1054 2961 1258 3026 repetita
1270 2972 1357 3009 est.
1378 2960 1455 3010 cf.

432 3041 562 3098 VII,
591 3041 652 3087 16
679 3052 802 3089 extr.
829 3052 878 3089 et
896 3041 958 3089 ad
976 3040 1109 3105 Epit.
1134 3040 1229 3099 58,
1253 3057 1304 3086 ιι.
1325 3055 1457 3088 2.—

433 3119 668 3181 Jugerum
705 3119 943 3168 ducentos
976 3131 1025 3168 et
1055 3118 1372 3182 quadraginta
1400 3118 1455 3167 in

435 3195 789 3259 longitudinem
807 3200 982 3263 pedes,
1004 3211 1199 3246 centum
1218 3209 1266 3246 et
1279 3198 1455 3261 viginti

435 3274 491 3321 in
513 3274 819 3324 latitudinem
849 3277 1076 3326 habebat.
1104 3279 1273 3325 Testes
1298 3278 1453 3339 Quin·

437 3352 592 3402 tilian.
610 3356 733 3402 Inst.
753 3367 875 3403 orat.
894 3356 982 3402 lib.
1003 3358 1046 3413 1,
1078 3371 1185 3420 cap.
1210 3372 1274 3419 93
1294 3357 1453 3405 Varro

438 3432 500 3479 de
519 3449 571 3480 re
582 3433 760 3481 rustica
772 3468 788 3493 ,
802 3434 893 3482 lib.
910 3436 934 3480 1
945 3467 960 3491 ,
977 3448 1085 3498 cap.
1105 3449 1167 3480 10
1180 3450 1195 3493 3
1209 3446 1258 3482 et
1275 3435 1452 3483 Isidor.

434 3511 524 3559 lib.
550 3513 668 3570 XV,
690 3528 797 3576 cap.
828 3512 907 3559 15.
930 3513 1020 3559 En.

511 3599 557 3645 4.
592 3591 670 3637 Ne
701 3590 1000 3637 tribunorum
1032 3589 1236 3638 militum
1260 3590 1456 3638 comitia

428 3669 610 3735 fierent
633 3668 778 3738 (vide
797 3669 859 3716 ad
881 3671 987 3726 IX,
1016 3675 1078 3723 42
1098 3702 1113 3725 ‚
1139 3685 1189 3715 ιι.
1214 3684 1242 3715 a
1258 3667 1306 3732 )‚
1343 3686 1457 3716 con-

435 3748 717 3812 sulumque,
747 3748 851 3795 scil.
878 3759 935 3795 ut
979 3746 1147 3813 (quod
1171 3748 1290 3795 latet
1324 3748 1376 3795 ἰιι
1398 3765 1460 3796 ne

437 3843 531 3892 pro
545 3838 600 3874 ut
609 3825 737 3890 non)
752 3826 916 3889 utique
925 3861 940 3884 ,
959 3825 1128 3875 saltem
1137 3860 1152 3885 ,
1166 3826 1243 3872 vel
1255 3828 1457 3875 omnino

438 3903 745 3970 (durchaus)
759 3940 774 3961 ‚
806 3905 932 3952 alter
956 3920 1022 3952 ex
1034 3905 1177 3967 plebe
1194 3917 1455 3961 crearetur,

439 3985 503 4032 ef.
527 4002 572 4032 c.
596 3984 655 4044 37
678 3984 941 4048 prtffVHL
968 3999 1026 4031 12
1053 3993 1204 4043 extr-3
1231 3985 1458 4040 XXVII,

441 4065 506 4118 34
525 4099 538 4122 ,
557 4079 614 4110 ιι.
636 4071 693 4123 4;
715 4078 859 4127 supra
878 4062 937 4110 ad
962 4065 1038 4121 11,
1065 4063 1222 4121 3o‚n.
1253 4079 1308 4122 13
1332 4062 1458 4110 infra

441 4141 504 4189 ad
528 4159 634 4207 cap.
674 4151 763 4203 4ο,
803 4155 854 4191 ιι.
884 4144 945 4202 8;
979 4138 1298 4202 xn1,'35‚
1323 4157 1374 4189 ιι.
1403 4157 1461 4202 73

1614 2728 1661 2773 5.
1683 2728 1942 2775 Conterriti
1957 2732 2130 2775 Patres
2147 2745 2295 2792 quum
2322 2726 2557 2791 trepidas-

1543 2815 1675 2859 sent,
1698 2805 1813 2852 vide
1825 2806 1887 2852 ad
1906 2815 2015 2870 eap'.
2042 2807 2069 2852 3
2084 2839 2099 2864 ,
2115 2822 2165 2852 ιι.
2180 2806 2393 2853 a.Verba
2401 2805 2562 2870 publi-

1545 2879 1612 2928 eis
1629 2882 1930 2947 privatisque
1952 2883 2162 2931 consiliis
2186 2899 2289 2930 ιιοιι
2326 2883 2479 2931 modo
2500 2883 2564 2930 ad

1545 2973 1646 3023 seq.
1662 2960 1868 3018 invento,
1886 2961 1973 3009 sed
1985 2960 2130 3008 etiam
2139 2994 2154 3019 ‚
2169 2972 2217 3008 et
2226 2960 2353 3008 forte
2366 2961 2562 3019 rectius,

1546 3037 1609 3085 ad
1619 3054 1765 3104 praee.
1781 3039 2101 3102 trepidassent
2108 3039 2276 3087 referri
2282 3054 2428 3103 posse
2438 3074 2452 3097 ,
2461 3040 2566 3100 jam

1546 3118 1738 3166 monuit
1767 3117 1950 3166 Stroth.
1984 3118 2166 3166 Confer
2191 3118 2255 3165 ad
2272 3120 2322 3176 1,
2345 3134 2370 3177 7
2386 3152 2401 3177 ,
2427 3134 2477 3165 ιι.
2507 3135 2535 3179 7
2552 3136 2571 3174 3·

1543 3209 1593 3246 et
1608 3199 1686 3245 111
1704 3231 1718 3255 ‚
1746 3204 1813 3259 49
1825 3232 1839 3256 ,
1864 3213 1915 3245 ιι.
1932 3204 1979 3253 4.
1996 3224 2061 3235 —
2075 3197 2202 3244 Mox
2215 3197 2425 3263 collegas
2446 3208 2562 3246 octo
2650 3187 2659 3196 '

1543 3277 1769 3324 adversus
1795 3276 1971 3324 tribua.
2007 3275 2283 3340 rogationes
2308 3291 2569 3339 compara-

1544 3368 1738 3414 verunt,
1773 3355 1888 3403 vide
1918 3359 1991 3415 11,
2032 3355 2247 3412 44317,
2272 3356 2364 3412 483
2388 3366 2445 3401 'et
2467 3354 2571 3424 ibi,

1543 3450 1597 3483 ιι.
1623 3437 1673 3484 6.
1692 3463 1763 3471 —
1782 3436 1877 3482 Pro
1901 3433 2241 3499 trepidassent,
2272 3434 2429 3480 Tann.
2450 3433 2565 3480 Fab.

1543 3514 1735 3578 legebat
1758 3514 2057 3578 trepidarent
2062 3531 2084 3571 ,·
2113 3512 2200 3560 sed
2227 3525 2397 3559 omnes
2419 3511 2564 3558 codd.

1545 3593 1716 3657 scripti
1755 3603 1804 3640 et
1841 3593 1962 3641 editi
1977 3628 1993 3653 ‚
2032 3603 2254 3641 nostrum
2288 3601 2570 3638 constanter

1545 3682 1759 3720 tuentur.
1783 3673 1874 3719 En.

1616 3750 1666 3799 6.
1685 3752 1782 3796 Pro
1802 3750 2072 3814 antiquatis
2089 3748 2367 3814 rogationes
2385 3759 2563 3805 essent,

1547 3827 1663 3875 vide
1687 3827 1752 3874 ad
1775 3829 1866 3886 IV,
1885 3828 1977 3887 58,
1996 3845 2046 3875 ιι.
2080 3843 2159 3876 ιο.
2177 3854 2249 3864 —-
2274 3829 2404 3874 Bene
2421 3825 2573 3875 habet

1547 3905 1755 3953 formula
1774 3908 1995 3954 contenti
2015 3922 2071 3954 ac
2092 3906 2455 3970 quodammodo
2494 3923 2570 3954 ac·
2620 3953 2621 3956 ,

1549 3983 1775 4049 cipientis
1787 4018 1802 4042 ,
1822 3984 1900 4031 vel
1913 3986 2230 4049 approbantis
2241 4020 2255 4044 ‚
2272 3997 2324 4033 ut
2338 3986 2463 4034 VIII
2476 4020 2490 4044 ‚
2512 3988 2544 4033 6
2561 4021 2573 4044 ,

1551 4062 1701 4126 9,’35
1725 4062 1786 4109 al.
1807 4063 1990 4110 Stroth.
2011 4064 2209 4111 Dictum
2231 4080 2352 4128 pro:
2382 4065 2500 4111 bene
2520 4079 2573 4111 se

1550 4141 1699 4190 habet
1711 4156 1811 4198 res,
1838 4152 1893 4188 ut
1907 4143 1992 4190 Gr.
2013 4149 2171 4202 καλῶς
2193 4144 2289 4209 ἔχει
2306 4181 2318 4205 ,
2340 4158 2388 4193 et
2401 4148 2570 4194 Germ.
