3000 4717
468 304 596 376 ιε»,
1302 306 1377 374 Τ.
1438 305 1717 376 L1v11
2161 283 2275 389 323:
2296 281 2519 399 32533231

442 429 845 523 potiturum
880 427 1067 495 Veiis
1088 427 1526 497 Romanum.
1551 425 1768 518 Quod
1790 425 2059 522 prim0,
2076 423 2269 495 velut
2297 438 2571 500 temere

445 535 715 630 jactum
728 590 746 619 ‚
768 535 1032 631 sperni,
1052 536 1298 633 agitari
1318 534 1582 608 deinde
1603 534 2058 607 sermonibus
2077 547 2398 631 coeptum
2421 550 2563 626 est;

449 643 684 715 donec
730 635 918 715 unus
960 669 1048 715 ex
1085 646 1388 717 statione
1429 669 1729 716 romana
1768 657 2277 742 percunctatus
2316 647 2560 741 proxi-

417 840 420 843 ·
452 777 649 824 mum
670 755 1207 852 oppidanorum
1231 757 1408 851 (jam
1429 779 1562 852 per
1580 756 2179 853 longinquitatem
2194 753 2366 825 belli
2381 779 2567 825 com·

447 865 719 934 mercio
767 888 1182 936 sermonum
1229 862 1494 961 facto),
1528 866 1858 960 quisnam
1906 866 1965 933 is
2010 876 2225 947 esset,
2265 865 2391 958 qui
2430 887 2567 959 per

451 972 784 1070 ambages
828 975 917 1045 de
962 974 1122 1046 lacu
1164 973 1424 1045 albano
1459 974 1818 1068 jaceret4?
1868 987 2253 1070 postquam
2292 970 2563 1042 audivit

447 1081 899 1181 haruspicem
941 1108 1133 1169 esse,
1170 1085 1280 1153 vir
1327 1083 1525 1154 haud
1573 1084 1822 1153 intacti
1871 1079 2270 1181 religione⁵
2307 1082 2563 1169 animi,

448 1208 779 1265 causatus
805 1193 896 1264 de
929 1194 1184 1290 privati
1208 1195 1528 1291 portenti
1553 1195 2095 1290 procuratione,
2117 1194 2176 1263 si
2197 1215 2432 1288 operae
2457 1191 2565 1261 illi

447 1319 671 1390 esset,
715 1305 1092 1376 consulere
1136 1303 1354 1390 velle,
1392 1304 1481 1374 ad
1533 1301 1978 1399 colloquium
2017 1315 2252 1373 vatem
2295 1301 2561 1386 elicuit.

447 1416 841 1509 Quumque
880 1416 1234 1511 progressi
1273 1413 1488 1484 ambo
1524 1439 1565 1484 a
1598 1414 1743 1484 suis
1778 1413 2064 1508 longius
2098 1424 2334 1483 essent
2368 1410 2563 1481 iner-

444 1548 635 1608 mes,
666 1526 821 1595 sine
869 1523 1016 1595 ullo
1055 1541 1296 1612 metu;
1331 1525 1721 1621 praevalens
1751 1524 2038 1618 juvenis
2075 1544 2411 1593 romanus
2446 1543 2562 1591 se-

446 1657 617 1707 nem
633 1633 1002 1703 infirmum
1016 1689 1035 1720 ,
1057 1636 1129 1703 in
1152 1649 1547 1731 conspectu
1568 1635 1895 1705 omnium
1914 1647 2233 1731 raptum,
2255 1629 2563 1727 nequid-

447 1766 667 1838 quam
691 1744 1301 1815 tumultuantibus
1323 1747 1641 1816 Etruscis
1657 1799 1677 1830 ,
1702 1745 1788 1815 ad
1817 1769 1986 1816 suos
2014 1742 2411 1821 transtulit:
2436 1741 2564 1837 qui

450 1875 676 1949 quum
708 1854 1099 1950 perductus
1127 1855 1214 1925 ad
1247 1856 1790 1951 imperatorem,
1817 1855 1987 1947 inde
2014 1860 2316 1925 Romam
2343 1852 2430 1923 ad
2462 1875 2569 1922 se·

447 1978 699 2034 natum
749 1967 1007 2036 missus
1050 1981 1191 2049 est,
1227 1964 1792 2053 sciscitantibus,
1835 1964 2185 2062 quidnam
2231 1963 2303 2033 id
2344 1975 2564 2052 esset,
2658 2018 2661 2025 .

449 2074 650 2167 quod
695 2072 785 2145 de
829 2075 986 2146 lacu
1023 2073 1303 2145 Albano
1342 2075 1745 2162 docuisset,
1781 2073 2198 2172 respondit:
2236 2073 2568 2160 Profecto

450 2186 667 2254 iratos
695 2185 868 2256 deos
898 2193 1168 2257 veienti
1178 2185 1461 2283 populo
1490 2184 1615 2255 illo
1629 2186 1868 2275 fuisse
1891 2186 2042 2269 die,
2072 2208 2220 2280 quo
2235 2182 2375 2252 sibi
2401 2206 2563 2251 eam

450 2310 756 2363 mentem
792 2296 1210 2388 objecissent
1228 2293 1283 2381 ⁶,
1324 2311 1405 2366 ut
1434 2294 1800 2365 excidium
1830 2285 2092 2391 patriae
2103 2289 2352 2382 fatale
2382 2314 2567 2387 pro-

446 2398 665 2471 deret.
706 2409 965 2501 Itaque
978 2457 999 2490 ,
1032 2428 1200 2500 quae
1227 2420 1381 2474 tum
1413 2410 1748 2475 cecinerit
1777 2403 2013 2473 divino
2040 2406 2296 2499 spiritu
2329 2406 2567 2472 instin-

452 2525 602 2580 ctas
634 2520 686 2598 ⁷,
725 2536 816 2582 ea
856 2536 933 2583 se
979 2538 1111 2585 nec
1128 2568 1152 2600 ,
1192 2530 1275 2584 ut
1313 2514 1587 2586 indicta·
1617 2520 1753 2586 'sint
1768 2569 1790 2602 ,
1829 2537 2161 2584 revocare
2189 2537 2409 2609 posse
2425 2541 2454 2600 ,-
2499 2526 2573 2582 et

444 2707 617 2756 vocab.
639 2724 811 2775 propr.
827 2711 958 2760 unde
974 2712 1271 2763 emissarium
1289 2724 1362 2761 est
1383 2714 1458 2762 fo-

439 2801 606 2834 ramen
630 2789 682 2835 in
709 2789 842 2848 lacu,
864 2807 953 2855 per
979 2792 1114 2855 quod
1139 2808 1261 2856 aqua
1280 2794 1459 2841 emitti-

440 2874 522 2913 tur
542 2878 592 2917 et
611 2866 856 2927 educitur,
870 2870 1061 2918 sublato
1078 2870 1214 2934 ligno
1226 2904 1241 2929 ,
1258 2871 1394 2937 quod
1415 2872 1460 2919 ei

444 2948 726 3010 oppositum
749 2961 847 3009 est3
865 2948 977 2997 vide
999 2952 1190 2998 Ernesti
1213 2951 1334 3000 clav.
1354 2951 1459 3001 Cic.

444 3049 516 3060 ·—
535 3027 806 3074 Romanum
818 3063 835 3084 ,
864 3030 1130 3077 Romanos.

467 3106 476 3114 ⁶
517 3110 566 3158 4.
598 3104 694 3164 Qui
704 3121 800 3168 per
815 3107 1043 3171 ambages
1062 3106 1124 3153 de
1143 3107 1255 3154 lacu
1280 3107 1460 3155 albano

434 3174 634 3245 jaceret
648 3198 794 3229 voces
805 3217 820 3241 ,
846 3195 900 3231 ut
918 3186 1067 3248 paulo
1087 3196 1221 3233 ante:
1242 3185 1378 3232 velat
1394 3197 1462 3233 te-

447 3273 575 3305 mere
597 3259 815 3322 jactum,·
841 3261 954 3309 vide
979 3263 1042 3311 ad
1067 3265 1142 3320 ΙΙ,
1174 3278 1261 3321 12,
1286 3280 1337 3312 ιι.
1366 3279 1413 3323 7.

513 3337 560 3385 5.
585 3341 614 3383 t
627 3338 670 3384 ir
686 3338 825 3385 hand
838 3340 1012 3387 intacti
1030 3341 1260 3406 religione
1279 3342 1459 3401 animi,

436 3415 553 3465 vide
578 3417 642 3464 nd
668 3419 744 3477 H,
771 3419 831 3476 5,
855 3435 907 3465 n.
939 3426 997 3477 43
1024 3430 1073 3467 et
1095 3422 1176 3476 11,
1207 3420 1300 3478 36,
1329 3436 1379 3467 n.
1412 3422 1460 3470 3.

437 3521 510 3532 —-—
549 3497 786 3545 Cansatus
807 3533 822 3554 ,
865 3496 1104 3566 πρόφασιν
1145 3500 1429 3568 ποιούμενος
1444 3537 1459 3560 ,

439 3589 633 3624 causam
655 3576 870 3642 fingens,
888 3587 1164 3641 praetexens
1178 3614 1192 3635 ,
1219 3578 1460 3637 similans,

438 3669 491 3700 se
517 3658 762 3705 consulere
785 3656 914 3705 velle
936 3668 1121 3718 vatem,
1145 3658 1189 3706 si
1213 3674 1371 3722 operte
1390 3658 1463 3707 illi

439 3744 562 3780 esset
585 3733 730 3795 (vide
755 3736 819 3784 ad
845 3740 895 3795 I,
916 3746 982 3793 24
1003 3773 1017 3796 ,
1037 3754 1086 3786 ιι.
1123 3736 1239 3802 ιο),
1263 3737 1458 3801 depro-

439 3812 690 3860 curatione
704 3815 892 3877 privati
913 3817 1155 3881 portenti,
1193 3816 1328 3880 quod
1362 3808 1464 3864 sibi'

442 3889 752 3952 contigisset,
788 3903 837 3940 et
861 3895 922 3942 ad
948 3911 1000 3942 se
1037 3896 1195 3944 solum
1208 3931 1223 3956 ‚
1258 3910 1361 3943 non
1393 3895 1456 3942 ad

441 3967 810 4028 rempublicam,
837 3973 1117 4033 pertineret.
1135 3974 1216 4022 Ad
1235 3990 1370 4038 seqq.
1391 3974 1455 4024 ef.

443 4043 548 4091 Cic.
572 4043 635 4091 de
651 4044 766 4094 Div.
785 4048 838 4103 Ι,
861 4055 954 4107 44ς
978 4061 1025 4098 et
1043 4054 1125 4112 11,
1147 4053 1230 4100 32.
1250 4080 1321 4091 -
1341 4055 1458 4100 Per-

1547 2713 1719 2761 ductus
1768 2713 1842 2760 ad
1890 2713 2244 2777 imperatorem.
2292 2710 2567 2759 'Productus

1545 2802 1750 2840 vetustae
1781 2792 2004 2855 quaedam
2034 2791 2266 2840 exhibent
2296 2790 2562 2847 editiones;

1549 2887 1714 2918 verum
1735 2872 1881 2934 longe
1908 2871 2080 2917 melius
2094 2869 2375 2933 perductus,
2398 2881 2566 2930 quem-

1549 2948 1811 2996 admodum
1831 2959 1903 2995 est
1922 2949 1975 2994 in
1987 2948 2215 2996 omnibus
2227 2945 2429 3010 scriptis.
2448 2947 2566 2993 Pro-

1549 3028 1710 3093 prium
1739 3027 1871 3074 enim
1892 3027 1945 3073 in
1966 3027 2059 3075 hac
2079 3043 2130 3073 re
2147 3027 2348 3075 verbum
2364 3036 2435 3072 est
2448 3039 2565 3089 per-

1551 3106 1739 3154 ducere.
1765 3105 2035 3153 Confer‘ad
2056 3105 2108 3154 h.
2126 3105 2208 3153 lib.
2232 3123 2339 3170 cap.
2359 3120 2451 3164 ²73
2474 3104 2565 3152 lib.

1550 3186 1674 3243 VII,
1698 3200 1811 3248 cap.
1838 3199 1925 3242 103
1953 3184 2178 3232 etValer.
2202 3186 2339 3232 Max.
2361 3183 2567 3242 lib.111‚

1552 3280 1657 3328 cap.
1672 3278 1721 3323 7,
1740 3273 1841 3310 ext.
1863 3278 1917 3322 ¹3
1939 3263 2119 3311 sustin.
2138 3263 2224 3311 lib.
2238 3264 2447 3323 XXIX,
2460 3278 2567 3328 cap.

1553 3351 1611 3403 43
1642 3342 1768 3390 Gell.
1792 3341 1995 3401 lib.v1·,
2021 3341 2170 3390 Noct.
2196 3357 2302 3406 cap.
2332 3343 2380 3390 8.
2406 3343 2497 3389 En.

1621 3422 1671 3469 6.
1688 3423 1793 3484 Quo
1811 3421 1903 3469 sibi
1915 3436 2023 3468 eam
2041 3431 2244 3468 mentem
2260 3420 2562 3485 objecissent,

1546 3500 1827 3561 injecissent
1843 3500 1945 3559 dii,
1971 3499 2032 3547 de
2051 3499 2222 3547 divino
2243 3500 2461 3555 monitu,
2481 3514 2568 3545 seu

1547 3580 1813 3639 instinctu,
1849 3591 1905 3627 ut
1940 3580 2013 3626 VI
2032 3612 2050 3637 ,
2098 3587 2159 3635 14
2181 3595 2196 3637 3
2240 3579 2450 3635 XXIX,
2501 3577 2563 3636 83

1549 3660 1854 3719 XXXVIII,
1891 3658 1959 3706 25
1981 3675 1999 3718 ς
2036 3659 2179 3716 XLI,
2221 3672 2317 3719 υς
2362 3654 2568 3720 objicere

1547 3754 1702 3801 spem,
1711 3737 1939 3804 fiat-orem
1952 3771 1968 3794 ,
1991 3736 2267 3801 religiones,-
2284 3737 2400 3784 Ern.
2418 3734 2501 3782 Sic
2519 3744 2569 3782 et

1547 3827 1703 3864 terror
1717 3817 1845 3864 utilis
1859 3852 1876 3873 ,
1903 3814 2133 3863 Romanis
2158 3814 2348 3862 oblatus
2367 3815 2444 3871 X,
2477 3820 2565 3871 14,

1543 3910 1594 3942 ιι.
1614 3897 1703 3955 133
1726 3906 1775 3944 et
1791 3894 1959 3960 religio
1985 3893 2157 3959 obfitsa
2175 3893 2349 3941 animis
2370 3895 2444 3951 11,
2463 3899 2563 3949 40,

1544 3990 1592 4021 ιι.
1626 3990 1670 4022 ι.
1698 3974 1882 4023 Confer
1909 3973 1970 4020 ad
1993 3975 2199 4031 XXVI,
2229 3987 2316 4030 ιο,
2341 3988 2391 4019 ιι.
2420 3985 2466 4016 ι.

1620 4069 1668 4112 7.
1697 4055 1872 4116 Itaque
1897 4068 2009 4114 quoe
2039 4063 2140 4101 tum
2172 4049 2397 4098 cecina-it
2420 4046 2564 4115 (vide
