3000 4717
439 322 487 358 A.
517 317 563 356 C.
589 322 677 365 Aoo.

439 380 681 421 n.c.³52.
955 344 1255 411 LIBER
1320 346 1403 412 V.
1472 343 1683 412 CAP.
1750 347 1930 412 Vll.
2383 338 2513 412 135

389 485 539 531 non
562 461 715 555 jam
748 458 1089 553 injunctae
1119 463 1485 535 moenibus
1515 477 1791 551 essent,
1826 462 2001 533 dum
2033 486 2256 560 opera
2291 462 2519 533 inter-

389 569 516 641 diu
558 566 748 639 fiunt
790 570 1176 661 intentius»,
1215 598 1436 671 quam
1455 588 1690 644 ‘nocte
1731 573 2276 661 custodiuntur3
2317 587 2518 670 pate-

347 728 360 739 ·
389 679 572 750 facta
590 693 891 778 repente
915 697 1126 778 porta
1140 738 1159 773 ‚
1192 685 1447 782 ingens
1466 683 1862 754 multitudo
1878 737 1898 771 ,
1919 681 2194 754 facibus
2213 683 2523 753 maxime

389 806 694 877 armata,
730 792 934 888 ignes
967 793 1312 889 conjecit3
1351 795 1695 892 horaeque
1731 807 2108 864 momento
2152 791 2367 862 simul
2399 816 2523 888 ag-

391 926 632 1001 gerem
665 926 747 972 ac
772 904 1046 1004 vineas,
1077 920 1224 975 tam
1252 906 1450 1004 longi
1476 907 1827 1004 temporis
1857 928 2079 1002 opus,
2108 900 2525 973 incendium

391 1010 665 1100 hausit;
693 1014 1051 1111 multique
1086 1015 1189 1087 ibi
1221 1017 1603 1106 mortales,
1637 1015 2137 1114 nequidquam
2174 1036 2392 1111 opem
2425 1010 2524 1083 fe·

391 1138 666 1210 rente5‚
691 1121 884 1196 ferro
903 1127 1197 1224 ignique
1221 1127 1589 1226 absumpti
1611 1142 1800 1215 sunt.
1831 1125 2050 1218 Quod
2074 1123 2205 1196 ubi
2224 1130 2529 1203 Romam

395 1247 500 1304 est
519 1235 934 1307 nuntiatum
946 1294 965 1328 ,
984 1241 1401 1311 moestitiam
1430 1238 1771 1309 omnibus
1784 1292 1804 1325 ‚
1824 1238 2106 1307 senatui
2123 1259 2370 1311 curam
2387 1258 2534 1304 me-

396 1355 698 1440 tumque
731 1346 1009 1441 injecit,
1039 1375 1134 1421 ne
1165 1364 1322 1420 tum
1350 1372 1525 1420 vero
1559 1347 1897 1418 sustineri
1933 1369 2068 1417 nec
2097 1347 2175 1416 in
2211 1343 2396 1415 urbe
2428 1369 2530 1414 se-

395 1452 605 1542 ditio,
631 1480 768 1528 nec
802 1458 880 1528 in
917 1461 1160 1530 castris
1195 1472 1583 1556 posset,-et
1619 1457 1898 1528 tribuni
1936 1455 2168 1554 plebis
2205 1450 2403 1526 velut
2436 1452 2526 1524 ab

396 1585 471 1632 se
507 1565 708 1635 victae
746 1568 1161 1664 reipublicae
1193 1568 1626 1640 insultarent
1654 1596 1672 1637 :
1714 1591 1944 1665 quum
1964 1581 2276 1665 *repente
2299 1618 2341 1654 ‚-
2363 1566 2531 1661 qui-

395 1669 535 1744 bus
572 1698 831 1746 census
866 1694 1205 1773 equester
1236 1694 1389 1752 erat
1406 1690 1461 1769 ²,
1491 1674 1663 1777 equi
1690 1678 1966 1777 publici
1999 1702 2151 1749 non
2190 1690 2395 1749 erant
2427 1699 2531 1745 as·-

398 1782 693 1877 signati,
725 1788 1024 1858 consilio
1061 1791 1261 1887 prius
1294 1791 1487 1862 inter
1524 1814 1677 1862 sese
1712 1788 1963 1861 habito
1980 1843 1999 1878 ,
2031 1801 2362 1860 senatum
2402 1785 2535 1856 ad-

399 1907 578 1964 eunt
590 1946 609 1980 ‚
633 1891 963 1993 factaque
980 1899 1266 1972 dicendi
1279 1914 1637 1999 potestate
1648 1955 1668 1989 ‚
1690 1901 1899 1997 equis
1916 1925 1992 1970 se
2011 1901 2161 1970 suis
2176 1894 2535 1995 stipendia

397 2001 711 2080 facturos
744 2012 1202 2105 promittunt.
1234 2009 1524 2102 Quibus
1555 2035 1786 2109 quum
1818 2009 2270 2106 amplissimis
2296 2004 2536 2077 verbis

398 2120 638 2222 gratiae
666 2118 760 2190 ab
788 2130 1042 2193 senatu
1072 2137 1245 2195 actae
1274 2136 1551 2212 essent,
1572 2121 1908 2217 famaque
1935 2144 2018 2190 ea
2043 2117 2287 2190 forum
2314 2131 2535 2212 atque

400 2228 656 2301 urbem
685 2235 1138 2328 pervasisset,
1169 2233 1414 2306 subito
1438 2233 1531 2305 ad
1561 2235 1836 2305 curiam
1858 2253 2258 2317 ¹concursus
2285 2225 2369 2297 fit
2391 2225 2538 2323 ple-

399 2335 532 2408 bis.
563 2339 917 2414 Pedestris
940 2344 1211 2415 ordinis
1225 2341 1254 2387 3
1275 2370 1383 2429 se,
1406 2345 1612 2414 aiunt
1628 2398 1648 2432 ‚
1668 2364 1863 2414 nunc
1883 2365 2064 2425 esse,
2092 2358 2538 2437 operamque

402 2448 818 2542 reipublicae²
838 2467 1052 2521 extra
1081 2452 1407 2523 ordinem
1413 2451 1782 2551 polliceri,
1811 2477 1938 2522 seu
1964 2454 2203 2536 Veios,
2229 2472 2357 2519 seu
2385 2471 2544 2544 quo-

405 2552 552 2623 alio
583 2554 844 2628 ducere
868 2558 1129 2630 velint:
1157 2568 1219 2631 si
1256 2566 1472 2634 Veios
1503 2562 1705 2634 ducti
1725 2568 1865 2633 sinc
1877 2617 1898 2649 ,
1934 2574 2203 2658 negant
2221 2614 2241 2648 ,
2265 2583 2341 2630 se
2368 2557 2539 2628 inde

396 2670 631 2761 pn’us‚
659 2691 885 2763 quam
922 2686 1141 2766 capta
1174 2672 1353 2742 urbe
1391 2671 1703 2743 hostium
1717 2726 1738 2758 ,
1771 2672 2127 2742 redituros
2154 2693 2322 2740 esse.
2352 2673 2541 2738 Tum
2626 2674 2633 2679 '

405 2799 578 2847 vero
601 2776 752 2872 jam
776 2776 1333 2876 superfundenti
1360 2804 1435 2850 se
1461 2780 1716 2853 laetitiae
1738 2781 1859 2849 vix
1883 2790 2366 2875 temperatum
2391 2789 2498 2847 est
2518 2803 2539 2863 ς

403 2911 557 2959 non
591 2890 822 2980 enim,
854 2891 1038 2962 sicut
1078 2892 1398 2986 equites,
1430 2889 1602 2962 dato
1636 2886 2168 2986 magistratibus
2205 2888 2502 2983 negotio
2522 2940 2541 2974 ,

411 3070 572 3117 urbem
598 3088 617 3118 .-
642 3088 707 3120 ex
726 3085 853 3122 terra
881 3071 1124 3136 lignisque
1150 3070 1431 3128 confectus,
1521 3079 1681 3127 nunc,
1695 3084 1845 3132 quum
1859 3067 2077 3131 equitum
2090 3066 2385 3114 alacritatem
2402 3065 2543 3114 istam

411 3146 492 3194 cui
512 3149 842 3213 inponebatur
864 3151 1014 3203 turris
1034 3160 1211 3198 rotata.
1236 3151 1313 3197 De
1334 3160 1432 3198 tur-
1520 3148 1735 3197 viderint
1749 3183 1766 3207 ,
1788 3148 1910 3196 velle
1932 3146 2127 3212 pedites
2147 3162 2277 3205 esse,
2304 3143 2544 3211 pedestri-

412 3225 548 3274 ribus
569 3239 618 3276 et
641 3226 799 3279 vineis·
833 3230 947 3279 vide
978 3230 1044 3279 ad
1075 3245 1183 3295 cap.
1215 3230 1246 3279 5
1258 3263 1273 3289 ,
1298 3245 1349 3276 n.
1381 3229 1428 3277 3.
1520 3245 1617 3293 que
1629 3239 1765 3279 extra
1783 3227 2009 3277 ordinem
2026 3226 2198 3275 militia
2211 3225 2376 3290 fungi,
2395 3241 2545 3288 quum

412 3329 484 3344 ο-
501 3307 619 3352 Tam
637 3307 771 3373 longi
784 3309 1008 3373 temporis
1026 3326 1173 3374 opus,
1192 3309 1243 3356 h.
1258 3325 1301 3357 e.
1317 3323 1433 3373 ope·
1520 3308 1681 3357 adhuc
1704 3308 1944 3371 Quirites,
1983 3306 2126 3355 vacui
2142 3339 2157 3366 ,
2199 3304 2353 3354 otiosi
2381 3305 2544 3352 nullo-

414 3398 467 3430 ra
481 3417 497 3441 ,
532 3384 709 3447 quibus
749 3386 1069 3436 conficiendis
1094 3397 1285 3436 tantum
1309 3398 1431 3436 tem-
1521 3404 1618 3452 que
1634 3387 1688 3435 in
1702 3387 1807 3436 acie
1817 3403 1876 3437 ac
1893 3387 2026 3435 hello
2042 3385 2225 3434 fuerint
2247 3385 2394 3442 loco3
2413 3398 2545 3429 nuno

413 3463 550 3527 poris
577 3475 679 3512 erat
698 3464 1020 3530 insumptum.
1521 3467 1647 3515 velle
1685 3481 1779 3531 pro
1812 3466 2062 3531 peditibus
2093 3463 2262 3513 haberi
2291 3473 2341 3509 et
2367 3460 2547 3518 scribi;

414 3564 427 3577 ·
487 3558 537 3589 a.
568 3542 748 3605 Quibus
771 3560 936 3592 census
959 3556 1178 3609 equester
1196 3556 1333 3610 erat,
1355 3556 1434 3603 at,
1522 3547 1694 3593 Bauer.
1723 3548 1799 3593 Ita
1829 3561 1932 3593 non
1963 3556 2065 3603 est,
2094 3542 2229 3607 quod
2256 3555 2370 3588 cum
2394 3540 2543 3587 Doer.

414 3622 495 3669 vel
515 3621 604 3670 sed
630 3622 742 3686 equi
765 3622 975 3686 publici,
1012 3635 1108 3672 etc.
1134 3624 1437 3672 Alterutrum
1525 3639 1620 3688 pro
1648 3639 1748 3670 esse
1762 3622 1894 3686 legas
1911 3622 2104 3678 adesse,
2125 3620 2204 3667 vel
2225 3634 2337 3666 cum
2351 3617 2547 3681 Cupero

415 3700 659 3753 excidisse
678 3701 896 3761 videtur,
920 3703 1000 3750 vel
1025 3714 1087 3751 et.
1528 3712 1578 3750 et
1620 3701 1805 3750 Stroth.
1837 3699 2077 3764 pedestris
2115 3696 2301 3745 ordinis
2345 3694 2518 3760 (suum
2532 3731 2548 3756 ‚

489 3779 537 3828 3.
558 3780 797 3829 Pedestris
818 3780 1028 3838 ordinis,
1056 3781 1299 3829 exercitus
1313 3815 1328 3840 ‚
1350 3781 1440 3829 mi-
1526 3780 1748 3843 ipsorum
1772 3812 1787 3835 ,
1832 3777 1916 3840 qui
1956 3775 2146 3839 pedites
2184 3773 2387 3839 essent)
2420 3791 2547 3823 nunc

414 3857 534 3907 litiae
551 3893 566 3918 ,
590 3875 644 3907 se
665 3875 794 3908 nunc
817 3875 945 3918 esse,-
968 3859 1021 3908 h.
1043 3876 1086 3911 e.
1110 3859 1239 3909 sicut
1255 3860 1442 3922 equites
1527 3873 1627 3906 esse
1640 3892 1657 3915 ,
1682 3871 1882 3920 operam
1901 3854 2047 3917 reip„
2070 3863 2191 3911 etc„
2215 3853 2343 3905 sicut
2360 3854 2547 3917 equites

417 3954 522 3987 sese
547 3939 817 3991 obtulerint
843 3939 908 3986 ad
931 3938 1156 3987 militiam
1180 3939 1445 3987 extraordi·
1530 3952 1621 3984 suo
1659 3935 1847 3988 ordine
1857 3932 2067 3997 polliciti
2104 3943 2278 3982 essent.
2310 3933 2547 3981 Pedestris

417 4018 602 4066 nariam
617 4055 632 4079 ,
671 4029 728 4067 ut
759 4029 1033 4083 equestrem
1060 4019 1114 4067 in
1135 4017 1267 4066 bello
1288 4018 1444 4067 aciem
1531 4013 1716 4064 ordinis
1739 4013 1966 4063 homines
1985 4012 2251 4061 insolenter
2271 4012 2307 4060 ii
2324 4048 2339 4073 ,
2367 4012 2550 4076 quipe-

419 4096 739 4164 ordinemque
800 4109 1006 4164 augeant
1027 4113 1043 4158 3
1092 4098 1162 4147 its
1223 4095 1444 4162 plebeios
1533 4093 1717 4147 descria
1740 4095 1790 4143 h.
1812 4111 1851 4142 e.
1877 4093 2086 4158 pedibus
2103 4091 2557 4157 stipendiafizciuut
