3000 4717
2317 283 2365 322 A.
2393 280 2440 321 G.
2468 282 2562 330 434.

434 385 440 391 ,
488 304 578 385 [42
1332 304 1409 371 T.
1470 305 1752 374 LIVII
2317 343 2371 383 ῃ,
2392 344 2441 383 ς,
2469 346 2563 385 31⁸.

487 423 716 520 spolia
735 433 757 463 ¹
793 423 1036 520 opima
1077 423 1262 520 regis
1294 423 1657 498 interfecti
1691 448 1948 522 gerens
1977 451 1993 492 τ
2031 425 2111 493 ἱη
2140 447 2310 495 eum
2354 425 2643 502 milites

488 535 804 608 camina
848 533 1210 606 incondita
1237 590 1256 623 ‚
1294 551 1660 632 aequantes
1702 561 1870 607 eum
1908 535 2258 625 Romu10,
2306 559 2566 607 canere
2604 563 2621 605 ε

491 644 718 743 spolia
736 646 813 718 in
840 644 991 722 aede
1018 646 1210 720 Iovis
1228 649 1528 718 Feretrii
1547 672 1779 745 prope
1799 648 2087 718 Romuli
2117 648 2345 746 spolia
2363 702 2383 736 ‚
2415 673 2581 745 quae
2601 702 2641 736 ,Q

491 758 723 855 prima
753 758 1016 854 Opima
1041 757 1427 855 appellata,
1453 759 1604 832 sola
1629 784 1717 831 ea
1736 773 2161 857 tempestate
2184 773 2391 832 erant
2410 814 2429 848 ‚
2454 782 2629 829 cum

495 866 1269 942 solenni.dedicatione
1301 868 1500 940 dono
1542 869 1700 941 fixit
1723 897 1748 938 ’τ
1787 884 2287 965 averteratque
2330 869 2406 939 in
2454 892 2528 939 se
2583 892 2630 936 a

495 1003 716 1058 curru
730 977 1097 1054 dictatoris
1114 979 1377 1050 civium
1394 1005 1525 1052 ora
1539 1037 1558 1071 ‚
1579 996 1656 1052 et
1673 981 2108 1053 celebritatis
2135 981 2197 1074 ej
2205 1005 2291 1050 us
2318 979 2462 1051 diei
2481 976 2628 1048 fru-

497 1105 693 1164 ctum
729 1114 963 1188 prope
1001 1090 1199 1161 solus
1233 1085 1519 1168 tulerat.
1548 1094 1875 1164 Dictator
1908 1116 2250 1163 coronam
2268 1102 2297 1132 ²
2333 1112 2628 1161 auream

498 1201 752 1276 libram
774 1200 1023 1299 pondo
1042 1226 1134 1277 ex
1152 1200 1446 1301 publica
1466 1206 1799 1302 pecunia,
1820 1203 2076 1302 populi
2087 1204 2319 1298 jussu,
2338 1203 2414 1272 in
2429 1200 2632 1298 Capi-

500 1313 677 1390 tolio
698 1316 855 1385 Iovi
876 1314 1155 1387 donum
1173 1317 1438 1413 posuit.
1460 1321 1732 1388 Omnes
1757 1330 1924 1388 ante
1949 1340 2065 1386 me
2092 1328 2422 1385 auctores
2443 1334 2635 1382 secu-

500 1438 652 1506 tus..
678 1429 761 1495 A.
782 1427 1199 1497 Cornelium
1227 1430 1531 1499 Cossum
1568 1427 1943 1498 tribunum
1978 1425 2285 1496 militum
2317 1420 2637 1494 secunda

504 1535 731 1631 spolia
767 1536 1011 1631 opima
1039 1539 1232 1607 Jovis
1259 1541 1557 1609 Feretrii
1593 1538 1869 1637 templo
1906 1537 2264 1624 intulisse,
2291 1532 2628 1631 exposui:

505 1658 841 1719 caeterum
859 1700 878 1733 ,
912 1662 1398 1744 praeterquam
1432 1649 1638 1745 quod
1668 1648 1796 1721 ea3
1820 1651 1956 1722 rite
1987 1650 2229 1746 opima
2260 1644 2488 1744 spolia
2518 1643 2637 1711 ha·

503 1755 815 1843 beatur,
849 1781 1011 1853 quae
1046 1757 1195 1830 dux
1228 1758 1397 1828 duci
1428 1760 1772 1849 detraxit,
1803 1785 1941 1831 nec
1972 1760 2234 1831 ducem
2271 1756 2639 1838 nov-imm,

507 1869 646 1939 nisi
673 1868 885 1962 cujus
918 1871 1239 1967 auspicio
1280 1868 1556 1940 beilum
1592 1872 1899 1966 geritur3
1931 1869 2224 1939 titulus⁴
2252 1869 2435 1963 ipse,
2471 1886 2641 1961 spo·-

508 1981 620 2056 liis
633 1981 1054 2079 inscriptus,
1076 1981 1235 2052 ilios
1254 2004 1519 2075 meque
1547 1980 1814 2077 arguit,
1842 1977 2215 2049 consulem
2235 1999 2317 2044 ea
2332 1979 2644 2046 Cossum

582 2195 703 2244 CAP.
721 2197 842 2248 XX.
864 2209 907 2244 1.
924 2192 1091 2258 Spolia
1100 2191 1532 2264 opimagerens,...

512 2285 561 2322 et
588 2273 638 2322 in
663 2274 769 2320 aede
798 2272 928 2320 Iovis
955 2272 1157 2319 Feretrii
1168 2286 1327 2336 prope
1343 2267 1539 2317 Romuli

511 2353 699 2416 spolia,
733 2369 844 2416 quae
869 2351 1065 2416 prima,
1096 2351 1338 2414 primum,
1371 2348 1537 2412 opina!

512 2431 764 2495 appellata
798 2443 848 2479 et
884 2431 994 2480 sola
1006 2464 1022 2487 ‚
1062 2430 1134 2478 sic
1166 2429 1409 2493 appellata
1426 2461 1444 2487 ‚
1472 2443 1538 2478 «a

517 2520 796 2572 tempestate
814 2519 958 2564 erant
981 2509 1063 2572 (v.
1088 2507 1151 2555 ad
1169 2509 1223 2566 1,
1254 2522 1344 2564 ιο,
1371 2524 1420 2553 n.
1448 2506 1537 2571 3),

515 2587 647 2636 dono'
660 2622 676 2643 ‚
722 2587 817 2634 <liis
860 2599 1048 2635 sacrato
1063 2620 1077 2645 ‚
1104 2587 1261 2655 fixit,
1305 2599 1537 2650 tanquam

516 2665 816 2736 ἀναθήματα
837 2668 892 2713 in
909 2666 1197 2731 parietibus,
1210 2667 1291 2715 vel
1310 2666 1538 2732 postibus

512 2746 763 2794 foribusve
772 2746 941 2810 templi
951 2746 1206 2810 suspendit
1216 2762 1231 2795 t
1248 2747 1309 2794 de
1324 2762 1424 2810 quo
1433 2761 1540 2794 mo-

518 2842 638 2875 rev.
654 2825 1536 2887 1nd.,adx‚2,n.11;adSil.I‚617

519 2923 593 2971 sq.
611 2907 755 2965 XIV,
774 2906 907 2967 6503
933 2916 985 2954 et
999 2907 1220 2956 Perizon.
1242 2908 1408 2955 Anim.
1424 2907 1541 2955 hist.

520 2973 567 3031 ο.
592 2986 947 3044 7.—-Carmina
966 2986 1247 3046 incondita,
1275 2987 1444 3045 rudia,
1471 2988 1547 3034 in-

523 3074 718 3128 compta
763 3076 813 3112 et
859 3067 1204 3130 mempomiia
1223 3100 1238 3125 ‚
1293 3068 1541 3132 αὐτοσχε-

525 3136 821 3209 &ioum-ot,
848 3146 903 3191 in
937 3146 1228 3207 quibusnee
1254 3148 1424 3205 metri,
1457 3161 1549 3192 nec

522 3223 731 3280 numeri,
752 3223 829 3269 vel
842 3224 979 3272 modi
999 3239 1055 3272 ac
1075 3224 1296 3290 rhythmi
1320 3226 1442 3280 ratio
1463 3224 1548 3276 ha-

523 3298 755 3359 bebatur,
783 3299 833 3347 in
859 3318 968 3349 eum
992 3303 1164 3351 milites
1189 3320 1364 3350 canere
1375 3338 1391 3360 ,
1425 3314 1547 3351 noto

523 3379 579 3427 in
603 3380 865 3444 triumphis
890 3398 1043 3430 more.
1071 3382 1217 3431 Conf.
1238 3385 1336 3442 IV,
1363 3383 1459 3442 533
1484 3383 1552 3446 V,

529 3461 780 3523 ‘493V11'
814 3476 878 3509 10
909 3471 959 3508 et
989 3462 1196 3523 3831,
1227 3463 1323 3521 30;
1355 3462 1552 3522 XXIV,

527 3545 597 3602 2'9
631 3553 706 3604 pr.
752 3540 877 3607 (ubi
902 3539 1159 3588 multitudo
1191 3539 1446 3588 incondita
1480 3551 1556 3590 est

527 3619 692 3678 rudis,
712 3620 922 3679 inculta,
942 3630 991 3668 et
1014 3619 1330 3685 tumultuosa)
1354 3621 1550 3679 XXIV,

529 3706 625 3757 24,
649 3715 701 3748 n.
722 3716 778 3759 23
799 3712 849 3748 et
863 3701 964 3748 ’vn
980 3735 994 3757 ‚
1018 3717 1076 3760 2,
1096 3701 1182 3748 ubi
1208 3701 1361 3750 iidem
1383 3716 1551 3748 versus

528 3778 740 3841 primum
767 3778 1024 3837 inconditi,
1051 3780 1228 3836 deinde
1252 3778 1556 3848 incompositi

534 3866 584 3902 et
605 3855 748 3902 rudes
774 3857 1018 3905 dicuntur.

606 3950 655 3980 2.
686 3934 927 3982 Coronam
945 3953 1149 3986 auream
1167 3938 1340 3986 libram
1346 3937 1521 4010 pondo
1532 3972 1549 3995 ,

538 4012 651 4060 vide
677 4013 740 4059 ad
767 4015 869 4072 111,
898 4031 993 4076 29,
1015 4032 1065 4062 n.
1098 4033 1141 4064 1.

611 4092 656 4144 3.
684 4092 763 4139 Ea
794 4092 884 4139 rite
914 4094 1077 4157 opima
1109 4095 1267 4159 spolia
1291 4096 1554 4156 habentur,

1622 2199 1715 2238 etc.
1736 2187 1823 2238 sed
1840 2186 1955 2239 vide
1976 2186 2040 2238 ad
2061 2189 2118 2245 1,
2151 2201 2240 2244 ιο,
2266 2200 2322 2236 n.
2350 2185 2409 2242 33
2431 2194 2481 2234 et
2507 2184 2644 2246 inpr.

1623 2268 1846 2316 Perizon.
1867 2267 1901 2314 1.
1922 2267 1957 2315 l.
1975 2283 2089 2336 pag.
2111 2265 2212 2312 250
2238 2280 2310 2327 sq.
2334 2262 2421 2314 ubi
2444 2273 2542 2309 tam
2567 2276 2648 2307 co-

1603 2347 1789 2412 piose,
1816 2363 1960 2411 quam
1981 2346 2127 2396 docte
2150 2355 2198 2391 et
2215 2343 2469 2407 ingeniose
2488 2351 2648 2388 totum

1624 2428 1722 2478 hoo
1746 2427 1881 2478 la‘vii.
1895 2437 2043 2491 eaput
2061 2423 2339 2477 manmit.

1698 2515 1746 2562 4.
1777 2506 1959 2553 Titulus
1992 2505 2093 2570 ipse
2119 2504 2310 2570 spoliis,
2342 2500 2532 2550 thoraci
2562 2500 2655 2547 lin—

1624 2598 1706 2635 teo
1722 2619 1737 2644 ‚
1761 2584 2039 2652 inscriptus,
2067 2596 2115 2633 et
2141 2584 2201 2632 ab
2231 2585 2454 2649 Augusto
2470 2581 2624 2629 lectus
2629 2614 2651 2644 ,⁹

1626 2666 1713 2715 sed
1737 2665 1871 2714 haud
1898 2666 2046 2716 dubie
2074 2681 2175 2713 non
2194 2663 2255 2711 ab
2274 2663 2385 2732 ipso
2406 2662 2563 2711 Cosso
2581 2659 2652 2707 in-

1628 2747 1865 2812 scriptus,
1893 2746 2026 2811 quod
2061 2745 2115 2792 in
2155 2742 2254 2794 fine
2289 2743 2434 2802 hujus
2475 2737 2651 2803 capitit

1629 2826 1865 2886 traditum
1890 2842 2005 2873 nam
2035 2825 2138 2884 ejus
2165 2820 2467 2888 temporibus
2490 2819 2655 2865 litera·

1630 2923 1738 2953 rum
1766 2921 1879 2952 usus
1904 2915 2007 2951 erat
2029 2901 2302 2952 rarissimus
2328 2897 2476 2966 (vide
2498 2898 2571 2943 VI
2588 2929 2604 2954 ,
2630 2909 2653 2941 1

1629 2985 1757 3049 pn),
1786 2994 1834 3031 et
1862 2993 2032 3032 statuae
2059 2980 2390 3044 imaginesque
2411 2977 2517 3026 siue
2542 2974 2660 3023 titu-

1630 3063 1695 3111 lis
1720 3073 1770 3109 et
1793 3060 2077 3112 nominibus
2092 3094 2107 3117 ‚
2134 3074 2243 3122 quae
2269 3068 2442 3121 postea
2463 3053 2660 3114 adjicie-

1632 3142 1841 3199 bantur,
1859 3150 1914 3194 et
1939 3154 2068 3208 saepe
2086 3149 2259 3204 parum
2284 3145 2507 3188 accurate
2525 3131 2662 3199 (vide

1635 3237 1768 3285 supr.
1790 3220 1853 3267 ad‘
1871 3235 1977 3282 cap.
2008 3217 2099 3275 16,
2125 3233 2178 3265 n.
2207 3214 2285 3280 4).
2313 3213 2507 3266 Titulus
2534 3211 2662 3262 forte

1636 3300 1759 3358 fuit,
1792 3299 1857 3347 A.
1897 3296 2117 3344 Cornelio
2151 3296 2226 3342 M.
2258 3295 2314 3340 F:
2360 3291 2529 3340 Cossus
2566 3307 2662 3338 eos.

1637 3377 1797 3443 spolia
1820 3376 1984 3441 opima
2000 3411 2013 3423 .
2032 3411 2044 3424 .
2061 3409 2074 3421 .
2103 3372 2215 3421 Iovi
2238 3369 2453 3418 Feretrio
2471 3369 2665 3417 dedica-

1642 3456 1731 3516 vit,
1760 3470 1915 3521 eoque
1944 3453 2131 3520 posteri
2158 3454 2261 3513 eius
2277 3486 2292 3511 ‚
2325 3462 2383 3500 ut
2412 3451 2550 3497 illum
2573 3447 2664 3495 ho·-

1641 3546 1889 3585 nestarent
1902 3570 1916 3595 ,
1942 3534 2184 3582 indicasse
2202 3532 2459 3587 videntur,
2481 3528 2590 3593 quis
2612 3537 2664 3574 et

1639 3616 1797 3681 qualis
1818 3616 1897 3663 vel
1926 3624 2138 3686 quantus
2161 3613 2267 3669 vir,
2301 3625 2406 3657 non
2436 3605 2633 3669 quando
2651 3639 2666 3663 ‚

1638 3697 1732 3745 ista
1757 3695 1916 3761 spolia
1943 3694 2145 3760 ceperit.
2167 3689 2310 3740 conf.
2330 3687 2392 3742 ad
2409 3685 2641 3733 xxvm
2654 3719 2669 3743 ,

1644 3778 1741 3840 39,
1768 3791 1891 3824 n.·1.
1935 3775 2017 3821 An
2042 3770 2215 3820 titulus
2244 3767 2365 3824 fuit,
2401 3765 2463 3813 A.
2492 3763 2669 3810 Corne-

1643 3853 1733 3904 lius
1764 3856 1871 3902 Cos.
1889 3888 1905 3911 ‚
1942 3863 1990 3899 et
2025 3862 2128 3902 tam
2159 3839 2412 3911 Augus'stus
2443 3859 2586 3909 quam
2611 3841 2670 3887 li-

1639 3935 1790 3984 brarii
1821 3934 1875 3980 in
1904 3930 2002 3978 fine
2033 3928 2182 3988 hujus
2214 3925 2387 3998 capitis
2414 3936 2672 3992 perperam

1644 4031 1750 4064 non
1776 4012 1925 4061 modo
1939 4008 2025 4056 'bis
2046 4008 2271 4072 legerunt
2291 4018 2401 4051 voc.
2428 4001 2561 4057 Cos„
2587 3998 2673 4047 sed

1648 4095 1793 4144 etiam
1829 4087 1999 4138 consul
2010 4121 2026 4146 ,
2065 4101 2168 4135 non
2200 4083 2398 4139 Genus,-
2431 4093 2669 4146 exposue-
