3000 4717
2325 331 2378 368 A,
2403 328 2448 368 C.
2477 331 2581 384 337⁴

523 348 659 434 448
1350 351 1423 415 Τ.
1491 349 1770 417 LIVII
2327 388 2382 429 ῃ,
2407 390 2457 429 ς,
2481 393 2576 437 4¹5,

519 490 736 565 quem
771 467 1024 555 vellet,
1069 467 1377 564 legeret,
1415 468 1542 565 qui
1580 480 1933 536 tutaretur
1975 489 2143 537 eum
2186 462 2278 535 ab
2311 490 2464 536 uno
2499 465 2626 539 de·

515 578 778 648 stinato
814 574 1060 664 hoste;
1093 577 1300 672 isque
1327 577 1648 671 juvenis,
1684 576 1763 644 in
1794 576 1942 647 acie
1978 574 2298 663 oblatus,
2341 600 2430 646 ex
2471 602 2629 648 cen·

514 688 802 758 turione
859 685 1083 757 latino
1135 686 1504 756 victoriam
1559 686 1746 755 tulit.
1806 690 2208 783 Pugnatum
2271 700 2378 756 est
2432 687 2625 759 haud

516 796 774 894 procul
809 795 1171 867 radicibus
1198 797 1485 868 Vesuvii
1522 797 1827 885 montiS,
1863 820 2007 893 qua
2033 797 2148 867 via
2183 795 2272 872 ad
2301 799 2624 869 Veserim

519 904 812 977 ferebat.
1920 999 1925 1004 .
2098 900 2104 904 ⁴

547 1074 552 1080 .
610 1023 731 1088 IX.
782 1020 1090 1102 Romani
1144 1018 1475 1090 consules
1535 1019 1734 1115 prius
1755 1073 1775 1108 ,
1826 1044 2043 1115 quam
2102 1020 2491 1091 educerent
2546 1015 2624 1091 in

513 1130 734 1199 aciem
757 1139 809 1217 ¹,
846 1129 1419 1200 immolaverunt.
1459 1129 1686 1199 Decio
1718 1143 1935 1225 caput
1965 1129 2311 1223 jocinoris
2344 1153 2383 1199 a
2419 1126 2623 1198 fami-

511 1238 666 1316 liari
698 1252 901 1335 parte
939 1262 1198 1309 caesum
1235 1262 1544 1338 aruspex
1580 1236 1840 1308 dicitur
1880 1237 2312 1321 ostendisse3
2356 1237 2624 1333 alioqui

512 1360 876 1442 acceptam
905 1345 1037 1416 diis
1066 1347 1373 1415 hostiam
1406 1371 1594 1416 esse:
1626 1347 1973 1415 Manlium
1991 1356 2019 1385 ²
2059 1348 2334 1443 egregie
2364 1346 2619 1417 litasse.

513 1458 788 1553 «Atqui
812 1455 1001 1527 bene
1028 1450 1320 1542 habet³‚
1355 1455 1595 1550 inquit
1626 1455 1923 1540 Decius,
1956 1455 2015 1523 si
2040 1452 2132 1524 ab
2164 1454 2436 1550 collega
2463 1456 2624 1525 lita-

514 1595 545 1628 α
576 1580 732 1635 tum
752 1577 883 1634 est.
905 1596 936 1627 »
955 1564 1361 1649 InstructiS‚
1388 1564 1573 1632 sicut
1591 1576 1754 1632 ante
1776 1562 2046 1633 dictum
2067 1576 2196 1651 est,
2225 1562 2622 1664 ordinib-us,

513 1698 924 1771 processere
977 1675 1053 1743 in
1107 1676 1351 1744 aciem.
1414 1674 1724 1745 Manlius
1778 1675 2070 1763 dextro,
2125 1679 2387 1749 Decius
2444 1679 2621 1749 laevo

511 1808 741 1854 cornu
767 1799 1102 1881 praeerat;
1130 1786 1363 1882 primo
1396 1787 1738 1880 utrinque
1766 1787 1988 1882 aequis
2020 1786 2326 1875 viribus,
2366 1790 2622 1860 eodem

511 1893 767 1964 ardore
790 1896 1196 1965 animorum
1216 1893 1602 1990 gerebatur
1622 1918 1771 1964 res:
1807 1894 2065 1965 deinde
2083 1895 2172 1966 ab
2197 1896 2374 1966 laevo
2393 1922 2620 1969 cornu

510 2005 765 2076 liastati
808 2007 1125 2094 romani,
1189 2030 1340 2075 non
1397 2002 1711 2075 ferentes
1757 2005 2302 2103 impressionem
2346 2010 2623 2078 Latino-

508 2197 716 2243 turionis
741 2196 820 2260 (in
839 2194 1031 2262 pugna)
1052 2194 1332 2259 fungeretur
1348 2193 1523 2258 (Licu-

509 2275 740 2340 tenant),
775 2287 824 2322 et
845 2285 1085 2322 tutaretur
1108 2289 1216 2320 eam
1241 2274 1306 2321 ab
1325 2288 1420 2318 uno
1439 2272 1523 2319 de-

505 2354 686 2400 stinato
722 2353 859 2400 hoste
875 2387 890 2409 ,
938 2353 999 2400 ab
1035 2353 1208 2399 Latino
1244 2351 1392 2415 primi
1433 2350 1523 2414 pili

508 2431 818 2488 centurione,
848 2431 928 2476 cui
951 2432 1199 2477 Romanus
1233 2439 1335 2476 erat
1361 2444 1521 2492 oppo-

504 2510 627 2555 situs
640 2542 654 2566 ,
679 2519 727 2555 et
745 2517 957 2571 quocum
974 2508 1016 2554 is
1033 2507 1408 2554 concurrendum
1429 2506 1527 2554 sibi

509 2602 608 2634 esse
633 2586 828 2634 sciebat.

574 2666 695 2713 Car.
716 2667 806 2712 IX..
845 2680 887 2711 1.
916 2664 1055 2712 Prius
1085 2680 1234 2728 quam
1268 2665 1523 2723 educerent

503 2744 556 2792 in
572 2743 727 2791 aciem
740 2779 756 2802 ,
779 2742 891 2790 vide
902 2743 1026 2802 adI,
1047 2744 1112 2790 23
1126 2777 1140 2801 ,
1157 2760 1205 2791 ιι.
1219 2751 1347 2799 4.-
1365 2744 1523 2807 Caput

494 2822 733 2888 jocinoris
770 2821 862 2888 (al.
879 2821 1140 2886 jecinoris)
1176 2822 1295 2886 quid
1319 2823 1520 2887 proprie

503 2903 650 2950 fuerit
684 2902 738 2949 in
761 2901 1073 2965 haruspicum
1099 2899 1381 2965 disciplina,
1415 2917 1518 2947 ιιοιι

502 2982 617 3029 sads
639 2991 828 3027 constat
852 2994 864 3026 :
893 2991 1004 3027 exta
1031 2966 1152 3026 vero
1167 2979 1228 3026 ab
1249 2979 1308 3026 iis
1336 2979 1512 3035 limite,

503 3059 746 3126 seufisso,
794 3057 891 3105 hoc
919 3068 1019 3114 est,
1054 3057 1182 3105 linea
1207 3057 1514 3120 imaginaria,

505 3141 654 3187 ducta
688 3157 717 3186 a
756 3138 873 3186 fisso
913 3126 1105 3196 (Graeci
1133 3136 1285 3190 πύλην
1316 3139 1513 3198 dicunt,

501 3215 588 3263 ubi
607 3213 859 3262 finduntur
878 3214 981 3261 lobi
998 3212 1205 3278 jecoris)
1228 3213 1515 3261 divideban-

501 3294 651 3342 turin
668 3293 787 3339 duas
812 3304 997 3356 partes,
1022 3293 1074 3339 in
1099 3292 1343 3349 hostilem,
1385 3304 1434 3339 et
1461 3293 1514 3339 in

485 3372 791 3439 familiarem
801 3383 997 3434 partem
1013 3382 1235 3418 extorum
1255 3370 1332 3417 vel
1335 3370 1514 3437 fissum

485 3450 759 3515 familiare.
782 3450 868 3496 Illa
893 3465 1030 3513 pars,
1051 3459 1101 3495 et
1119 3447 1359 3511 quidquid
1385 3449 1440 3495 in,
1456 3465 1514 3522 ea

500 3530 704 3590 erat‚vel
717 3528 835 3575 boni
851 3527 927 3573 vel
939 3525 1054 3573 mali
1065 3526 1243 3572 ominis
1257 3526 1315 3573 ad
1330 3526 1513 3585 hostes,

497 3610 604 3657 haec
626 3607 688 3655 ad
714 3603 1062 3653 sacrificantem
1097 3604 1294 3666 ejusque
1329 3595 1512 3653 amicos

499 3688 578 3747 *vel
590 3685 816 3735 familiam
835 3695 884 3750 et
898 3682 1097 3730 domum
1109 3682 1381 3745 pertinebat
1396 3699 1411 3746 3
1426 3700 1513 3731 un-

502 3765 562 3813 de
580 3778 628 3814 et
634 3763 893 3831 familiare
910 3772 1143 3808 ostentum
1166 3761 1289 3808 infra
1310 3764 1513 3822 XXVI,

503 3845 561 3899 6,
585 3844 787 3902 dicitur,
807 3856 904 3905 quo
921 3839 1164 3887 nobismet
1187 3839 1305 3904 ipsis
1328 3841 1514 3905 aliquid

495 3905 823 3986 portenditur.
844 3919 1025 3968 Confer
1049 3919 1239 3965 Ernesti
1266 3920 1386 3966 clav.
1406 3919 1509 3969 Cic.

504 4012 549 4042 v.
558 3996 734 4062 fissum
748 4014 768 4051 ;
794 3998 972 4044 Lucan.
1007 3998 1030 4042 1
1048 4031 1062 4055 ,
1100 3996 1201 4043 618
1236 4013 1335 4061 seq.
1365 3998 1506 4062 Virg.

501 4074 591 4118 Ge.
619 4075 667 4126 1,
696 4072 825 4132 4853
854 4072 957 4119 Cic.
979 4074 1090 4120 Div.
1119 4076 1168 4132 1,
1202 4090 1285 4133 to,
1317 4076 1377 4123 52
1400 4079 1508 4135 311,

1618 2208 1676 2240 12
1700 2204 1749 2241 et
1768 2192 1827 2239 13
1841 2192 1950 2251 ,ubi
1971 2193 2270 2258 haruspices,
2292 2195 2411 2242 dicit
2421 2229 2436 2252 ,
2437 2195 2620 2261 fissum

1594 2269 1854 2335 familiare
1878 2283 1927 2317 et
1952 2272 2107 2320 vitale
2124 2283 2362 2328 ινασταητς
2382 2285 2534 2335 caput
2535 2273 2621 2338 je-

1610 2348 1734 2395 coris
1751 2364 1814 2395 ea·
1833 2349 1968 2397 omni
1972 2362 2119 2414 parte
2136 2348 2491 2416 diligentissime
2508 2367 2622 2398 con-

1608 2425 1827 2473 siderant
1841 2445 1860 2474 .·
1881 2427 2059 2476 sivero
2082 2429 2139 2477 id
2149 2446 2244 2476 non
2264 2441 2334 2477 est
2349 2429 2614 2487 inventum,

1608 2503 1922 2567 nihilpatant
1942 2507 2163 2555 accidere
2178 2507 2392 2572 potuisse
2419 2509 2615 2556 tristius.

1608 2581 1730 2630 Inde
1753 2583 1937 2632 lucebit
1968 2603 2135 2634 sensus
2163 2586 2258 2634 hoc
2279 2586 2411 2636 loco.
2439 2586 2622 2636 Confer

1608 2660 1672 2708 ad
1689 2663 1918 2722 XXVII,
1944 2663 2009 2714 26
2041 2675 2161 2712 extr.
2186 2667 2341 2713 XXX
2356 2702 2370 2726 ,
2399 2682 2426 2713 2
2447 2702 2462 2725 ,
2486 2682 2541 2713 n.
2559 2666 2616 2723 6;

1611 2740 1750 2798 XLI,
1784 2749 1876 2800 14,
1908 2757 1957 2787 ιι.
1980 2743 2008 2789 3
2029 2759 2044 2801 ;
2069 2742 2198 2808 inpr.
2222 2745 2363 2802 XLI,
2395 2745 2478 2802 15,
2506 2761 2554 2790 n.
2585 2745 2615 2790 3

1610 2830 1659 2865 et
1696 2826 1752 2876 [ις
1790 2819 2020 2867 Scheffer.
2042 2820 2102 2867 ad
2130 2821 2314 2886 Obseq.
2346 2839 2397 2887 p.
2420 2823 2512 2880 68,
2537 2817 2615 2869 ed.

1605 2895 1831 2945 Oudend.
1860 2898 2042 2945 Caesum
2065 2911 2225 2947 autem
2238 2900 2617 2966 eaputjeci'noris

1604 2975 1717 3022 mali
1738 2976 1883 3022 fuisse
1899 2977 2077 3024 ominis
2091 3011 2105 3036 ,
2127 2990 2262 3043 patet
2279 2973 2420 3026 etiam
2441 2996 2502 3026 ex
2521 2977 2617 3027 Ov.

1602 3055 1725 3101 Met.
1749 3056 1865 3112 XV,
1896 3055 2012 3116 795.
2041 3084 2111 3092 -
2138 3058 2372 3105 Harduin.
2394 3057 2460 3105 ad
2482 3058 2609 3108 Plin.

1601 3133 1695 3189 xl,
1715 3132 1798 3189 37,
1812 3132 2172 3197 interpretatur,
2188 3136 2444 3184 victimat-ii
2458 3137 2616 3184 cultro

1600 3224 1690 3273 per
1707 3209 2084 3273 imprudentiam
2098 3214 2281 3262 laesum.
2291 3216 2616 3262 lin—Osten-

1601 3287 1747 3344 disse,
1766 3310 1790 3329 «
1805 3289 1836 3336 i.
1849 3305 1890 3337 e.
1908 3290 2476 3350 dixisse,retulisse.Non
2486 3295 2615 3342 enim

1602 3364 1768 3413 adesse
1795 3367 2013 3417 solebant
2036 3387 2225 3435 semper
2252 3371 2399 3420 duces
2414 3408 2427 3431 ,
2451 3389 2532 3432 ac,
2572 3374 2615 3420 si

1600 3443 1787 3493 adesset
1801 3448 1978 3496 Decius
1988 3475 2003 3506 ς
2022 3450 2235 3497 Manlius
2248 3466 2442 3515 quoque
2453 3450 2619 3499 affuis-

1601 3535 1674 3570 set
1684 3559 1698 3582 ‚
1713 3535 1761 3571 et
1775 3523 1879 3588 ipse
1889 3560 1902 3583 ,
1920 3515 2079 3575 litasse
2094 3545 2203 3575 eum
2214 3564 2228 3586 ‚
2243 3529 2459 3578 vidisset.
2471 3531 2619 3580 Certe

1599 3600 1661 3647 ad
1681 3602 1888 3665 reliqua,
1910 3618 2157 3670 acceptam
2178 3606 2271 3653 diis
2289 3607 2497 3655 hostiam
2516 3623 2616 3656 esse

1600 3689 1649 3726 et
1671 3681 1906 3728 Manlium
1930 3684 2113 3741 litasse,
2136 3685 2281 3732 debet
2302 3685 2508 3751 intelligi
2525 3702 2623 3751 pet·

1599 3751 1814 3827 ὃιλογίαν
1839 3776 2065 3809 narrasse
2081 3785 2104 3803 „
2119 3781 2140 3819 ,·
2161 3764 2331 3809 Bauer.

1672 3853 1718 3884 2.
1741 3838 1979 3885 Manlium
1999 3841 2184 3905 egregie
2200 3840 2386 3898 litasse,
2416 3841 2531 3889 vide
2545 3840 2610 3889 ad

1598 3915 1663 3972 V,
1693 3915 1756 3962 38
1775 3950 1789 3973 ,
1817 3932 1866 3962 n.
1901 3932 1944 3964 1.
2524 3921 2529 3926 '

1670 4001 1715 4046 3.
1742 4002 1898 4066 Atqui
1920 4004 2037 4051 bene
2060 4004 2229 4064 habet,
2272 4005 2386 4054 vide
2439 4006 2499 4054 ad
2524 4007 2601 4053 VI

1602 4078 1665 4125 35
1682 4113 1695 4137 ,
1737 4097 1788 4128 n.
1817 4082 1864 4129 6.
