3000 4717
530 419 613 487 18
766 429 804 438 -
1368 412 1445 478 T.
1512 410 1790 481 Livii
2360 392 2597 497 32:222:

521 564 604 611 ac
634 536 849 637 plebe
881 535 1107 607 creari
1137 532 1506 620 sinerent;
1538 530 1632 604 de
1662 529 2081 604 consulibus
2109 535 2434 606 creandis
2466 537 2647 609 nihil

520 663 927 723 mutaretur
984 674 1000 716 ε
1059 670 1295 743 eoque
1344 645 1670 715 contenti
1706 641 2016 732 tribuni,
2054 660 2398 717 contenta
2437 647 2647 745 plebs

521 760 680 834 fuit.
702 759 1007 831 Comitia
1026 754 1338 827 tribunis
1365 753 1724 825 consulari
1756 768 2109 852 potestate
2131 754 2364 828 tribus
2400 782 2646 830 crean-

525 873 635 943 dis
659 871 1085 942 indicuntur
1107 894 1123 937 t
1150 863 1415 963 quibus
1442 863 1766 948 indictis,
1786 866 2151 963 extemplo
2165 921 2184 955 ‚
2206 868 2648 966 quicumque

520 982 792 1079 aliquid
843 980 1176 1054 seditiose
1214 977 1491 1049 dixerat
1510 1031 1530 1065 ‚
1566 992 1691 1049 aut
1725 975 1992 1049 fecerat
2008 1033 2027 1068 ‚
2064 1004 2286 1076 quam
2333 983 2644 1052 maxime

521 1092 916 1180 tribunitii,
957 1105 1029 1162 et
1078 1113 1418 1187 prensare
1461 1088 1794 1160 homiues
1815 1145 1834 1177 ,
1875 1104 1950 1161 et
2004 1114 2432 1163 concursare
2487 1107 2644 1162 toto

521 1203 682 1276 foro
712 1200 1076 1275 candidati
1101 1224 1386 1297 coepere
1411 1214 1534 1271 :ut
1560 1200 1901 1296 patricios
1937 1199 2342 1298 desperatio
2372 1203 2643 1299 prim0‚

517 1315 794 1386 irritata
819 1310 1035 1410 plebe
1051 1365 1071 1400 ‚
1095 1309 1537 1408 adipiscendi
1561 1310 1889 1396 honoris,
1923 1309 2184 1382 deinde
2207 1307 2609 1409 indignatio
2625 1364 2644 1398 ‚

519 1427 579 1497 si
606 1448 771 1496 cum
794 1422 906 1493 his
935 1421 1296 1518 gerendus
1325 1435 1509 1492 esset
1525 1420 1761 1492 honos
1777 1476 1797 1510 ,
1819 1419 2216 1493 deterreret
2239 1437 2644 1518 :postremo

517 1537 747 1609 coacti
778 1549 1020 1605 tamen
1049 1557 1089 1602 a
1116 1533 1558 1628 primoribus
1584 1534 1890 1631 petiere,
1929 1558 2022 1604 ne
2054 1534 2343 1604 cessisse
2378 1557 2646 1630 posses·

517 1650 722 1720 sione
767 1640 1182 1739 reipublicae
1232 1640 1676 1713 viderentur.
1741 1629 2065 1714 Eventus
2107 1667 2361 1713 eorum
2420 1644 2646 1712 comi·—

426 1797 429 1802 ·
515 1760 784 1828 tiorum
819 1753 1098 1838 docuit,
1137 1750 1315 1821 alios
1361 1752 1642 1821 animos
1677 1754 1756 1822 in
1797 1755 2263 1826 contentione
2300 1751 2647 1824 libertatis

513 1867 1023 1966 dignitatisque
1054 1917 1075 1952 ,
1113 1859 1325 1951 alios,
1374 1862 1778 1933 secundum
1835 1863 2161 1961 deposita
2216 1867 2644 1952 certamina,
2687 1875 2693 1881 '

515 1981 938 2073 incorrupto
968 1973 1247 2071 judicio
1277 1997 1429 2044 esse
1463 2000 1478 2042 :
1522 1971 1858 2045 tribunos
1897 1977 2092 2045 enim
2138 2000 2389 2046 omnes
2425 1979 2647 2073 patri-

516 2091 664 2160 cios
717 2088 985 2161 creavit
1037 2084 1389 2184 populuS‚
1430 2097 1824 2156 contentus
1876 2108 2004 2171 e0‚
2040 2083 2240 2180 quod
2283 2086 2469 2154 ratio
2517 2086 2645 2154 ha·

513 2201 663 2271 bita
682 2198 1137 2301 plebeiorum
1158 2209 1363 2270 esset.
1384 2199 1588 2265 Hanc
1606 2192 2064 2281 modestiam,
2089 2194 2647 2290 aequitatemque

516 2325 588 2381 et
616 2302 1110 2388 altitudinem.6
1126 2306 1381 2393 animi,
1401 2303 1534 2375 ubi
1554 2329 1753 2375 nunc
1777 2305 1854 2375 in
1885 2328 2040 2375 uno
2064 2305 2461 2393 inveneris,
2486 2329 2646 2400 quae

514 2434 672 2489 tum
704 2418 959 2517 populi
996 2419 1318 2488 universi
1356 2415 1538 2487 fuit?

611 2533 771 2598 VII.
804 2530 1058 2598 Anno¹
1084 2527 1592 2599 trecentesimo
1622 2524 1908 2622 decimo
1930 2581 1949 2616 ‚
1970 2552 2191 2624 quam
2222 2527 2398 2599 urbs
2425 2534 2653 2599 Roma

506 2636 803 2709 condita
840 2652 992 2709 erat
1011 2692 1031 2726 ‚
1049 2639 1369 2735 primum
1402 2636 1682 2708 tribuni
1707 2637 2022 2708 militum
2057 2663 2194 2736 pro
2231 2636 2649 2709 consulibus

512 2748 1009 2846 magistratum
1042 2749 1299 2819 ineunt
1317 2802 1339 2837 ‚
1365 2752 1448 2819 Α.
1470 2751 1943 2847 Sempronius
1961 2751 2366 2834 AtratinuS,
2395 2753 2474 2817 L.
2501 2747 2650 2816 Ati·

512 2857 684 2947 lius,
733 2862 815 2928 T.
871 2857 1244 2947 Caeciliu53
1295 2883 1613 2955 quorum
1665 2860 1742 2929 in
1791 2862 2210 2956 magistratu
2262 2856 2654 2928 concordia

509 3054 641 3101 idem
665 3055 770 3103 fere
795 3054 1006 3114 indicat3
1027 3057 1198 3103 Bauer.
1222 3057 1378 3105 Abest
1394 3072 1423 3103 a
1442 3058 1538 3104 Ms
1624 3056 1870 3104 Dodwell.
1907 3056 1968 3105 de
1995 3056 2150 3121 cyclis
2179 3056 2295 3105 diss.
2319 3056 2397 3114 X,
2420 3054 2453 3118 S
2483 3055 2653 3103 86.—

510 3134 677 3180 Lovel.
696 3134 787 3179 IV.
807 3159 878 3169 —
891 3134 939 3179 A
957 3134 1253 3196 primoribus
1274 3134 1436 3180 coacti
1446 3150 1540 3196 pe·
1633 3136 1685 3182 T.
1700 3134 1946 3192 Coecilius;
1960 3151 2068 3198 quae
2083 3150 2200 3198 gens
2212 3135 2405 3200 plebeia
2418 3135 2650 3198 fuit.Leg.

513 3209 631 3257 tier-e
642 3211 981 3258 honorem—
995 3210 1219 3268 Cossis-se,
1240 3207 1492 3259 rectissime
1511 3229 1540 3258 a
1634 3215 1686 3260 T.
1728 3213 1933 3269 Oloelius.
1976 3214 2187 3278 Dionys.
2221 3214 2256 3260 l.
2291 3213 2325 3260 l.
2363 3229 2474 3261 eum
2506 3224 2654 3259 vocat

503 3287 835 3353 possessione,
887 3304 1073 3337 summa
1121 3288 1541 3338 administratione
1629 3290 1772 3344 Τίτον
1804 3291 2022 3346 Κλοίλιον
2068 3292 2164 3357 (ita
2202 3291 2349 3340 scrib.
2388 3307 2483 3355 pro
2514 3291 2647 3355 vulg.

510 3367 713 3432 reipub„
726 3382 1062 3429 summumque
1074 3367 1334 3431 imperium
1345 3366 1480 3433 plebi
1492 3380 1543 3415 et
1628 3370 1836 3421 Κλύσιον
1850 3408 1866 3435 ‚
1893 3372 2028 3436 quod
2057 3371 2137 3419 vel
2165 3387 2229 3419 ex
2253 3371 2547 3434 cognomine
2574 3370 2653 3416 in-

511 3446 724 3494 tribunis
746 3433 1057 3494 concessisse.
1090 3448 1237 3495 Forte
1250 3446 1343 3510 leg.
1354 3463 1542 3510 posses·
1629 3448 1897 3514 teuigitur)
1935 3450 2147 3503 Σαιλόν.
2193 3452 2438 3502 Ceterum
2474 3448 2655 3500 nibuni

509 3525 855 3573 sionem—In
873 3524 1176 3572 contentione
1195 3525 1454 3583 libertatis,
1478 3526 1541 3573 de
1629 3526 1833 3575 militum
1864 3530 2112 3578 consulari
2125 3541 2370 3594 potestate
2400 3544 2555 3591 usque
2587 3526 2652 3578 sd

512 3604 758 3665 libertate,
786 3604 853 3652 ob
878 3619 999 3651 eam.
1024 3603 1169 3652 Conf.
1190 3602 1254 3651 ad
1272 3605 1324 3663 1,
1346 3603 1470 3663 5,n.
1491 3604 1539 3651 5.
1628 3622 1743 3653 ann.
1771 3607 1892 3655 Urb.
1916 3608 2063 3656 cond.
2094 3610 2224 3667 388,
2253 3625 2351 3672 quo
2377 3611 2431 3656 L.
2457 3607 2651 3658 Sextius

513 3683 866 3731 —Secundum
878 3716 895 3739 ‚
920 3693 1053 3747 post.
1626 3685 1813 3750 primus
1853 3686 1915 3735 de
1947 3687 2092 3752 plebe
2117 3687 2292 3735 consul
2325 3687 2481 3733 factus
2503 3684 2651 3750 (vide

512 3785 517 3792 -
583 3760 633 3807 6.
673 3761 994 3810 Altitudinem
1030 3761 1215 3820 animi,
1244 3760 1540 3825 magnitudi-
1625 3764 1751 3821 vll,
1775 3763 1858 3830 r),
1881 3768 2031 3815 creati
2042 3777 2182 3824 sunt,
2198 3764 2286 3812 sed
2296 3779 2653 3827 nonnunquam

512 3854 625 3885 nem
655 3839 822 3886 animi.
855 3840 974 3888 Alio
1006 3856 1151 3890 sensu
1174 3840 1356 3888 dicitur
1380 3841 1537 3892 Tacit.
1627 3855 1677 3893 et
1702 3845 1927 3893 consules
1942 3878 1957 3903 ,
1981 3855 2131 3908 prout
2154 3859 2240 3891 seu
2261 3841 2426 3906 plebs,
2453 3859 2538 3892 sen
2559 3845 2651 3892 Ps-

514 3916 694 3964 Annal.
723 3919 800 3964 111
816 3952 831 3976 ,
861 3924 954 3977 44,
980 3918 1068 3965 ubi
1087 3919 1202 3976 yide
1226 3929 1334 3968 not.
1361 3920 1410 3967 3.
1628 3932 1725 3970 tres
1750 3923 2115 3989 praevsluissent
2148 3922 2510 3972 certaminibus.
2544 3920 2649 3970 Illis

583 3994 705 4042 Cu.
719 3995 834 4041 VII.
860 4010 904 4042 1.
924 3998 1071 4043 Anno
1094 3996 1284 4055 CCCX,
1310 4008 1403 4046 etc.
1421 4014 1536 4046 ann.
1626 4012 1786 4049 autem
1816 4003 1911 4049 hoc
1939 4016 2121 4048 nomen
2149 4001 2382 4059 inditum,
2411 3999 2547 4064 quod
2575 4000 2650 4048 in-

514 4070 636 4120 Urb.
656 4071 804 4119 cond.
824 4072 1026 4121 CCCXI
1042 4074 1174 4138 apud
1191 4075 1403 4140 Dionys.
1417 4077 1451 4124 l.
1466 4093 1535 4145 rr,
1625 4089 1700 4128 ter
1723 4079 1943 4145 plebeios
1968 4079 2177 4132 maxime
2199 4079 2479 4130 eminebant
2499 4078 2651 4127 tribu·

513 4167 627 4218 pag.
657 4150 773 4212 736.
802 4151 946 4207 Conf-
975 4151 1222 4204 Drakenb·
1247 4154 1313 4203 ad
1339 4155 1390 4204 h.
1420 4156 1456 4204 l.
1484 4165 1536 4204 et
1622 4158 1676 4207 ni
1700 4157 1925 4209 muitum.
