3000 4717
485 139 494 168 k

486 325 630 406 410
1318 321 1398 387 T.
1461 320 1746 387 L1v11
2309 297 2553 406 *1⁸53thss

485 473 520 509 α
554 455 723 515 sunt
748 454 1046 526 nostrae,
1068 452 1149 509 ut
1174 438 1380 510 vobis
1408 463 1498 509 eo
1526 439 1752 536 magis
1774 439 2213 511 necessitatis
2233 454 2483 511 vestrae
2502 442 2606 512 in-

485 583 520 620 «
554 553 717 640 dex,
737 573 956 649 quam
976 548 1252 621 consilii
1271 563 1549 637 auctor,
1570 550 1738 637 sim3
1766 572 2007 646 neque
2022 548 2217 619 enim
2235 550 2604 637 maneatis,

484 689 519 729 «c
556 685 648 734 an
673 661 942 733 abeatis
958 660 1154 748 hinc,
1176 658 1558 731 deliberari
1576 671 1849 756 potest3
1870 682 2120 755 quum,
2137 669 2398 755 praeter
2411 681 2609 728 arma

485 801 522 840 α
557 786 630 844 et
676 772 950 842 animos
995 794 1360 843 armorum
1404 791 1764 843 memores
1782 826 1802 860 ‚
1849 770 2027 841 nihil
2070 769 2278 844 vobis
2310 770 2612 842 fortuna

485 913 520 949 α
557 877 819 979 reliqui
836 880 1118 970 fecerit,
1139 878 1473 977 fameque
1497 894 1570 952 et
1589 881 1705 951 siti
1724 880 2183 953 moriendum
2199 884 2320 971 sit,
2341 884 2399 953 si
2417 881 2607 979 plus,

485 1022 519 1061 α
554 1017 773 1090 quam
787 993 977 1062 viros
996 1015 1077 1063 ac
1091 996 1457 1063 Romanos
1476 987 1709 1079 decet,
1723 989 1993 1078 ferrum
2010 993 2405 1063 timeamus
2417 995 2607 1090 Ergo

487 1133 521 1169 α
557 1128 706 1174 una
737 1116 844 1175 est
875 1103 1067 1173 salus
1102 1127 1484 1200 erumpere
1511 1102 1685 1175 hine
1718 1117 1940 1200 atque
1971 1100 2205 1193 abire3
2244 1102 2320 1174 id
2355 1118 2476 1174 aut
2503 1104 2612 1172 in-

487 1243 520 1278 «
558 1214 796 1285 terdiu'
820 1227 941 1285 aut
963 1228 1178 1286 nocte
1201 1211 1548 1286 faciamus
1565 1269 1584 1302 ,
1609 1228 1920 1313 oportet.
1947 1220 2128 1287 Ecce
2152 1229 2394 1286 autem
2413 1212 2612 1283 aliud

489 1355 524 1390 «
559 1325 800 1396 minus
826 1323 1167 1412 dubium3
1201 1325 1478 1423 quippe
1510 1325 1569 1395 si
1598 1324 1722 1394 lux
1751 1337 2230 1421 exspectetur,
2261 1347 2421 1420 quae
2446 1346 2612 1419 spes

488 1464 522 1500 α
559 1447 701 1524 est,
733 1457 884 1506 non
918 1434 1106 1506 vallo
1142 1448 1517 1536 perpetuo*
1539 1432 1873 1531 fossaque
1908 1458 2043 1507 nos
2073 1449 2453 1533 septurum
2485 1432 2617 1511 ho-

490 1574 525 1610 α
563 1548 789 1617 stem?
822 1547 950 1644 qui
987 1569 1184 1616 nunc
1221 1546 1654 1643 corporibus
1687 1546 1832 1617 suis
1867 1541 2260 1641 subjectis⁶
2288 1544 2612 1638 undique

488 1684 522 1720 «
556 1656 892 1739 cinxerit,
918 1668 1000 1725 ut
1026 1653 1311 1743 videtis,
1341 1655 1625 1727 collem.
1660 1656 1917 1751 Atqui,
1939 1656 1998 1724 si
2020 1678 2169 1724 nox
2195 1667 2615 1752 opportuna

490 1794 524 1829 et
560 1780 667 1836 est
687 1766 1085 1863 eruptioni,
1114 1767 1297 1837 sicut
1317 1780 1424 1837 est
1437 1822 1456 1855 ,
1483 1765 1636 1837 haec
1656 1763 1983 1864 profecto
2002 1767 2234 1835 noctis
2254 1763 2614 1861 aptissima

490 1905 524 1941 α
558 1876 739 1948 hora
784 1889 915 1949 est.
965 1879 1185 1975 Signo
1234 1877 1564 1949 secundae
1611 1876 1866 1973 vigiliae
1907 1875 2338 1946 convenistis
2353 1927 2374 1961 ,
2411 1870 2613 1969 quod

490 2016 523 2051 α
557 1999 845 2085 tempus
858 1988 1199 2059 mortales
1213 2009 1475 2058 somno
1491 1988 1833 2058 altissimo
1852 1987 2140 2085 premit.
2161 1990 2294 2055 Per
2307 1999 2615 2080 corpora

491 2127 525 2162 α
561 2098 796 2195 sopita
813 2098 1116 2185 vadetis;
1138 2098 1252 2169 vel
1272 2098 1559 2169 silentio
1577 2099 1907 2168 incautos
1926 2095 2250 2168 fallentes
2265 2151 2285 2183 ,
2312 2095 2429 2165 vel
2447 2115 2615 2165 sen-

490 2236 524 2270 «
559 2206 905 2279 tientibus
931 2208 1241 2277 clamore
1265 2206 1505 2278 subito
1525 2229 1867 2304 pavorem
1883 2207 2240 2302 injecturi.
2256 2204 2616 2275 Memodo

492 2342 526 2377 α
561 2316 1200 2411 sequimini,quem
1217 2318 1507 2412 sequuti
1524 2318 1713 2403 estis3
1727 2337 1862 2412 ego
1873 2315 2219 2404 eamdem,
2234 2335 2393 2411 quae
2408 2312 2617 2384 duxit

494 2454 527 2487 α
560 2423 736 2513 huc,
760 2447 1021 2520 sequar
1037 2422 1426 2494 fortunam.
1445 2424 1730 2514 Quibus
1743 2425 1896 2496 haec
1911 2426 2242 2497 salutaria
2255 2424 2618 2509 videntur,

492 2563 526 2598 α
565 2531 962 2629 agitedum,
994 2535 1072 2603 in
1105 2532 1431 2604 dextram
1466 2547 1749 2631 partem
1778 2534 2087 2633 pedibus
2116 2535 2436 2604 transite.
2459 2563 2493 2598 ι)

588 2647 908 2714 XXXVI.
948 2647 1221 2714 Omnes
1250 2645 1720 2730 transierunt,
1757 2645 2285 2740 vadentemque
2321 2668 2454 2741 per
2491 2645 2609 2714 in-

494 2755 820 2826 termissa
844 2764 865 2794 ¹
917 2752 1267 2826 custodiis
1320 2755 1480 2826 loca
1527 2758 1832 2827 Decium
1878 2756 2166 2851 sequuti
2210 2768 2401 2825 sunt.
2457 2759 2617 2825 Jam

495 2877 868 2935 evaserant
901 2863 1138 2935 media
1166 2879 1427 2954 castra,
1460 2887 1691 2962 quum
1721 2864 2289 2964 superscandens
2319 2861 2617 2963 vigilum

495 2989 714 3045 strata
745 2998 1002 3045 somno
1032 3000 1340 3072 corpora
1368 2976 1573 3048 miles
1611 2969 1895 3052 offenso
1924 2989 2130 3048 scuto
2154 2972 2475 3073 *praebuit
2501 2998 2616 3044 so·

496 3075 771 3171 nitum3
808 3109 958 3180 quo
990 3087 1341 3156 excitatus
1363 3086 1532 3182 vigil
1560 3109 1784 3183 quum
1816 3087 2239 3184 proximum·
2252 3086 2617 3174 movisset,

498 3194 864 3290 erectique
920 3195 1095 3267 alios
1151 3197 1597 3267 concitarent
1621 3251 1642 3283 ,
1696 3196 1926 3295 ignari
1980 3197 2172 3267 cives
2223 3220 2316 3266 an
2369 3194 2618 3266 hostes

496 3317 733 3373 essent
750 3355 770 3388 ,
803 3303 1215 3400 praesidium
1245 3318 1691 3403 erumperet,
1719 3329 1812 3377 an
1843 3306 2097 3377 consul
2133 3317 2359 3376 casu-a
2398 3304 2620 3402 cepis·

494 3425 602 3483 set
638 3439 655 3481 :
687 3413 949 3483 Decius
967 3467 986 3500 ,
1023 3435 1250 3510 quum
1293 3439 1447 3485 non
1490 3412 1822 3488 fallerent
1840 3426 1895 3504 ²,
1935 3415 2325 3487 clamorem
2361 3413 2616 3485 tollere

563 3594 613 3643 4.
636 3586 924 3652 Corporibus
939 3587 1037 3635 suis
1054 3588 1293 3653 subjectis,
1313 3589 1428 3638 vide
1446 3589 1511 3637 ad
1602 3605 1709 3657 cap.
1734 3606 1837 3656 seq.
1855 3618 1924 3628 -—
1937 3593 2105 3640 Strata
2128 3609 2297 3640 somno
2325 3591 2449 3657 (cas.
2477 3601 2589 3639 tert.
2602 3625 2619 3650 ,

492 3668 612 3726 vn,
637 3675 729 3726 24,
754 3684 806 3716 n.
836 3667 885 3725 5,
908 3678 956 3716 et
974 3667 1189 3715 Brisso'n.
1207 3667 1270 3717 de
1290 3669 1509 3718 Formul.
1596 3677 1653 3718 ut
1678 3671 1961 3728 XXXVII,
1988 3686 2079 3730 20,
2109 3682 2159 3719 et
2183 3670 2403 3735 ap.Virg.
2431 3672 2615 3733 Georg.

493 3745 581 3794 lib.
596 3748 675 3805 11,
696 3763 807 3812 pag.
828 3762 893 3794 m.
909 3745 1026 3794 183.
1043 3745 1135 3795 En.
1596 3750 1689 3807 IV,
1709 3746 1838 3812 432)
1863 3765 2098 3812 corpora,
2121 3750 2219 3797 hoc
2239 3761 2338 3809 est,
2363 3748 2521 3798 somni
2542 3763 2617 3795 ca-

566 3825 687 3872 Cu.
722 3827 968 3874 XXXVI.
995 3842 1016 3873 1
1031 3861 1043 3874 .
1084 3828 1181 3873 Per
1209 3825 1503 3883 intermissa,
1594 3825 1767 3891 piendi
1793 3843 1957 3887 eausa3
1983 3827 2216 3893 Doering.
2237 3845 2306 3865 -·—
2330 3825 2618 3875 Prcesidium

494 3901 729 3965 neglecta,
739 3920 843 3951 non
853 3904 1048 3952 obsessa
1056 3904 1285 3953 custodiis
1292 3904 1509 3954 hostium
1581 3894 1864 3971 'erumperet
1886 3911 2154 3955 romanum.

496 3980 630 4035 loca,
656 3990 712 4027 ut
726 3983 919 4042 XXIV,
939 3983 1022 4033 35.
1041 3983 1185 4032 Conf.
1202 3985 1404 4044 XXIII,
1424 4000 1505 4044 17,
1663 4000 1712 4032 α.
1742 3985 1945 4044 Decius,
1976 4002 2125 4050 quum
2145 3983 2492 4052 nonfallerenc
2515 4000 2620 4032 am·

494 4073 546 4105 n.
569 4072 596 4103 2
612 4089 628 4113 ,
653 4053 703 4104 e't
726 4060 983 4119 XXXIV,
1010 4063 1072 4120 37
1105 4072 1225 4110 extr.
1260 4062 1347 4112 nbi
1368 4062 1501 4112 conf.
1591 4063 1722 4127 plius
1744 4062 1938 4113 hostem
1962 4075 2012 4113 et
2048 4065 2276 4124 laterent,
2301 4074 2395 4112 etc.
2413 4090 2480 4102 —-
2497 4065 2617 4110 Tot*
