3000 4717
473 386 519 428 B.
544 386 593 426 C.
622 388 712 440 337.

472 448 522 491 ῃ,
547 449 593 489 c.
622 450 714 496 41⁵.
932 408 1233 477 LIBER
1282 409 1511 477 VIII.
1568 407 1774 476 CAP.
1823 407 1999 475 VII.
2380 409 2508 493 441

420 558 454 596 α
495 519 947 626 Quandoque
961 527 1014 619 ⁵,
1043 531 1308 626 inquit,
1340 544 1452 618 tu,
1476 534 1556 599 T.
1590 528 1845 617 Manli,-
1877 552 2117 624 neque
2139 528 2521 625 imperium

419 666 454 702 α
493 636 900 722 consulare,
950 663 1188 734 neque
1223 638 1665 733 majestatem
1707 640 2003 735 patriam
2043 638 2310 709 veritus
2329 693 2348 727 ,
2394 638 2522 709 ad-

415 777 451 812 «
490 772 734 818 versus
779 747 1090 818 edictum
1135 764 1464 820 nostrum
1507 763 1708 821 extra
1753 748 2083 819 ordinem
2119 749 2195 818 in
2238 746 2520 819 hostem

414 886 449 922 α
488 858 860 954 pugnasti,
904 872 1008 944 et,
1047 874 1398 955 quantum
1437 861 1514 930 in
1552 874 1621 931 te
1659 857 1822 945 fuit,
1863 858 2309 957 disciplinam
2344 857 2524 928 mili-

413 995 450 1034 «
489 980 711 1038 tarem
729 1022 748 1052 ,
775 992 918 1063 qua
947 970 1142 1038 stetit
1171 969 1260 1039 ad
1291 969 1478 1039 h-anc
1509 970 1701 1041 diem
1724 993 2024 1039 romana
2049 993 2196 1057 reS,
2227 968 2519 1054 solvisti,

416 1105 451 1140 «
493 1101 757 1173 meque
796 1080 873 1147 in
911 1103 1063 1148 eam
1117 1081 1609 1150 necessitatem
1650 1079 2043 1166 adduxisti,
2089 1093 2173 1147 ut
2216 1091 2339 1148 aut
2381 1077 2519 1147 rei·

414 1216 449 1251 «
488 1185 792 1283 publicae
829 1187 1037 1275 mihi,
1094 1203 1214 1257 aut
1248 1190 1390 1259 mei
1429 1211 1907 1283 meorumque
1951 1185 2516 1257 obliviscendum

325 1385 336 1394 .
414 1324 448 1360 «
489 1297 607 1383 sit3
646 1321 779 1366 nos
803 1299 1043 1395 potius
1079 1311 1331 1368 nostro
1363 1297 1627 1367 delicto
1654 1296 2089 1392 plectemur,
2127 1318 2343 1391 quam
2377 1318 2520 1365 res-

413 1438 448 1474 α
490 1406 774 1506 publica
808 1423 1009 1478 tauto
1038 1433 1168 1478 suo
1197 1407 1461 1478 damno
1493 1420 1740 1476 nostra
1767 1419 2057 1503 peccata
2084 1404 2236 1475 luat
2271 1432 2288 1472 ε
2326 1406 2525 1476 triste

413 1547 448 1581 «
490 1517 935 1613 exemplum,
971 1519 1096 1588 sed
1136 1519 1209 1586 in
1244 1531 1612 1614 posterum
1640 1514 1926 1586 salubre
1955 1516 2356 1611 juventuti,
2395 1515 2525 1584 eri-

410 1655 446 1690 «
485 1651 667 1696 mus,
690 1630 807 1696 Me
830 1627 1117 1721 quidem
1143 1652 1366 1722 quum
1390 1626 1702 1721 ingenita
1724 1626 1977 1696 caritas
1996 1623 2305 1696 liberum
2325 1677 2344 1712 ,
2364 1634 2519 1693 tum

412 1765 448 1800 «
491 1736 853 1831 specimen
878 1738 1068 1808 istud
1092 1738 1403 1823 virtutis,
1435 1737 1821 1833 deceptum
1849 1760 2031 1806 vana
2058 1736 2365 1833 imagine
2393 1733 2522 1805 de-

411 1874 446 1908 «
488 1847 708 1933 coriS,
762 1847 836 1914 in
892 1860 962 1918 te
1001 1863 1264 1918 movet.
1312 1847 1454 1918 Sed
1492 1871 1720 1944 quum
1758 1862 1882 1917 aut
1918 1861 2150 1916 morte
2189 1859 2311 1915 tua
2358 1869 2520 1915 san-

409 1983 445 2019 «
485 1953 734 2025 cienda
780 1958 920 2028 sint
972 1958 1349 2028 consulum
1399 1959 1737 2053 imperia,
1789 1970 1911 2040 aut
1963 1956 2391 2051 impunitate
2445 1954 2521 2023 in

408 2092 445 2127 t<
481 2083 912 2163 perpetuum
946 2067 1386 2165 abroganda,
1423 2092 1517 2137 ne
1554 2081 1627 2137 te
1662 2065 1984 2163 quidem,
2023 2066 2082 2136 si
2118 2064 2297 2161 quid
2334 2065 2411 2133 in
2446 2077 2518 2133 te

407 2201 442 2237 α
484 2179 710 2246 nostri
742 2178 1107 2274 sanguinis
1145 2192 1283 2266 est,
1321 2200 1651 2247 recusare
1694 2199 2057 2263 censeam,
2091 2175 2272 2271 quin
2308 2172 2520 2247 disci-

401 2311 440 2347 «
477 2284 746 2379 plinam
773 2289 1149 2358 militarem
1172 2343 1191 2374 ‚
1220 2287 1430 2385 culpa
1459 2300 1585 2357 tua
1612 2286 2045 2383 prolapsam,
2080 2308 2296 2382 poena
2325 2285 2520 2355 resti·

406 2421 444 2456 α
485 2408 660 2468 tuas,
706 2403 773 2483 I,
808 2399 1045 2486 lictor,
1086 2398 1314 2494 deliga
1350 2399 1437 2468 ad
1477 2397 1797 2494 palum.»
1832 2395 2229 2466 Exanimati
2265 2418 2517 2464 omnes

405 2514 554 2572 tam
600 2509 822 2576 atroci
873 2510 1213 2604 imperi0,
1269 2534 1402 2579 nec
1448 2507 1653 2578 aliter
1694 2530 1916 2603 quam
1968 2505 2043 2575 in
2089 2528 2162 2574 se
2211 2506 2519 2600 quisque

405 2609 814 2684 destrictam
870 2629 1246 2686 cernentes
1297 2612 1682 2704 securim⁶,
1739 2631 1940 2687 metu
1994 2617 2249 2713 magiS,
2303 2639 2521 2714 quam

403 2724 786 2812 modestia,
830 2719 1187 2820 quievere.
1225 2731 1514 2821 Itaque,
1545 2725 1741 2795 velut
1772 2749 2050 2795 emerso
2087 2724 2177 2795 ab
2221 2725 2521 2795 admirae

403 2834 602 2906 tione
634 2838 913 2922 animo,
943 2859 1170 2932 quum
1204 2835 1486 2905 silentio
1511 2831 1728 2903 defixi
1763 2835 2160 2919 stetissent,
2194 2850 2518 2930 repente,

402 2959 790 3041 postquam
841 2946 1116 3017 cervice
1159 2967 1333 3015 caesa
1375 2941 1578 3014 fusus
1629 2957 1734 3012 est
1783 2967 2036 3032 cruor,
2087 2957 2249 3013 tum·
2288 2943 2517 3046 libero

413 3165 428 3168 1
478 3132 523 3178 5.
552 3134 876 3197 Quandoque,
897 3133 1076 3196 inquit,
1103 3144 1194 3180 etc.
1214 3131 1325 3180 vide
1347 3131 1409 3179 ad

403 3208 469 3266 V,
499 3210 589 3268 25,
623 3228 672 3259 ιι.
696 3212 741 3258 3.
762 3238 833 3248 --
859 3213 918 3257 In
949 3210 1131 3259 hostem
1147 3210 1404 3276 pugnasti,

403 3285 518 3335 vide
550 3287 613 3334 ad
646 3305 751 3353 cap.
785 3290 838 3344 6,
880 3305 929 3336 ιι.
960 3303 1005 3348 7.
1042 3313 1110 3325 --·
1152 3291 1409 3352 Deceptum

402 3381 541 3412 vana
562 3365 771 3431 imagine
787 3366 971 3415 decoris
981 3402 996 3423 ,
1017 3367 1069 3414 id
1079 3378 1175 3426 est,
1195 3367 1411 3432 deceptae

402 3444 620 3502 virtutis,
644 3447 720 3493 vel
737 3446 789 3492 in
807 3457 855 3493 te
878 3444 1085 3510 decepto
1103 3444 1409 3510 ;hypallage:

400 3538 559 3586 neque
594 3524 723 3571 enim
746 3523 979 3587 specimen
1000 3511 1244 3587 deceptum
1269 3524 1413 3573 intel-

400 3600 606 3665 ligatum
643 3604 810 3650 Bauer.
866 3601 959 3649 Sed
997 3602 1154 3648 virtus
1193 3603 1235 3649 si
1273 3620 1412 3651 vana

402 3679 548 3745 imag.
561 3682 743 3729 deodris
761 3681 958 3744 decepta
973 3680 1069 3727 dici
1082 3691 1244 3745 potest
1255 3681 1415 3745 ,quid-

400 3760 452 3806 ni
486 3770 534 3806 et
558 3760 751 3807 virtutis
768 3759 999 3823 specimen
1012 3764 1037 3804 :¹³
1062 3759 1235 3807 Schaef.
1261 3753 1406 3809 Conf-

401 3839 465 3886 ad
490 3841 587 3895 ΙΙΙ,
619 3838 705 3897 36,
737 3855 787 3885 ιι.
820 3839 865 3885 8.
896 3838 1056 3885 Possis
1085 3838 1227 3886 etiam
1252 3850 1408 3886 trans·

397 3934 586 3982 ponere
610 3931 621 3964 :
644 3916 692 3963 in
712 3927 757 3962 ee
773 3915 1019 3980 deceptum
1033 3933 1088 3966 v.
1105 3916 1136 3964 i.
1156 3917 1205 3965 d.
1226 3931 1382 3964 movet
1388 3935 1410 3975 ;

398 3997 513 4044 Ern.
533 4024 602 4032 —
629 3996 882 4059 specimen
908 3995 1040 4042 istud
1062 3995 1254 4044 virtutis
1275 3996 1409 4060 quod

400 4074 593 4122 edidisti
614 4074 844 4137 deceptus
855 4090 975 4121 vana
987 4074 1192 4138 imagine
1203 4075 1407 4122 decoris.

398 4154 565 4204 Posset
585 4169 802 4220 quoque,
824 4163 879 4201 ut
900 4152 1081 4202 dictum
1104 4155 1203 4215 jam
1227 4166 1323 4215 est,
1351 4154 1404 4206 τὸ

1498 3133 1746 3197 deceptum
1762 3131 1928 3179 referri
1948 3131 2010 3178 ad
2036 3144 2081 3179 ce
2106 3132 2241 3195 quod
2262 3133 2480 3200 sequitur
2503 3149 2516 3182 :

1497 3213 1586 3260 sed
1602 3205 1656 3259 ut
1670 3210 1940 3274 simplicior
1952 3211 2109 3258 oratio
2120 3246 2134 3270 ,
2153 3212 2219 3259 ita
2237 3213 2519 3277 impeditior

1497 3303 1737 3340 structura
1758 3288 1913 3337 fleret.
1933 3291 2027 3337 En.

1571 3372 1621 3418 6.
1640 3369 1930 3417 Destrictam
1947 3380 2188 3415 cernentes
2206 3370 2407 3416 securim
2418 3388 2437 3426 ,·
2450 3371 2512 3417 al.

1500 3449 1768 3497 districtam
1781 3484 1796 3506 ,
1836 3447 2022 3511 vulgari
2061 3462 2237 3494 vocum
2272 3459 2514 3511 permuta·-

1498 3528 1665 3588 ti0ne,
1705 3539 1761 3576 ut
1797 3528 2025 3584 XXVII,
2069 3527 2161 3584 13,
2194 3543 2243 3572 ιι.
2283 3533 2346 3591 4,
2377 3537 2426 3574 et
2451 3527 2511 3573 al.

1500 3608 1681 3656 Confer
1689 3606 1839 3655 Drak.
1852 3643 1867 3666 ‚
1881 3619 1930 3654 et
1941 3622 2035 3653 nos
2050 3605 2111 3652 ad
2119 3607 2232 3653 Tac.
2243 3607 2373 3652 Αιιιι.
2384 3606 2488 3652 xn
2496 3640 2511 3664 ‚

1503 3686 1564 3732 51
1584 3720 1598 3741 ‚
1625 3702 1675 3732 ιι.
1709 3687 1763 3744 3,
1786 3696 1835 3733 et
1861 3684 1923 3731 ad
1942 3685 2028 3733 Sil.
2053 3686 2201 3741 XVI,
2228 3684 2349 3741 528;
2379 3683 2510 3732 nuk.

1494 3763 1557 3811 ad
1579 3764 1629 3811 h.
1654 3763 1688 3812 l.
1709 3776 1758 3811 et
1778 3763 1841 3811 ad
1865 3764 1992 3811 Flor.
2010 3766 2085 3821 11,
2113 3779 2140 3810 α
2161 3797 2175 3820 ,
2200 3779 2249 3809 n.
2276 3777 2353 3822 17.
2374 3784 2398 3803 α
2416 3763 2511 3811 Sed

1495 3858 1588 3889 nec
1612 3841 1733 3889 illud
1754 3843 1910 3889 securi
1938 3842 2051 3890 satis
2071 3842 2331 3900 convenit3
2359 3858 2386 3889 a
2413 3843 2510 3907 gla-

1499 3920 1584 3967 dio
1610 3932 1770 3968 tamen
1797 3920 2023 3981 ductum,
2045 3934 2093 3969 et
2109 3901 2207 3969 ime
2230 3922 2509 3971 translatum

1497 3997 1694 4062 (manus
1721 4011 1915 4063 quoqne
1932 3998 2127 4063 stringi,
2153 4000 2205 4048 id
2230 4013 2328 4058 est,
2355 4001 2416 4049 ad
2440 4003 2509 4050 fe-

1496 4078 1719 4125 riendum
1739 4079 1898 4143 parari
1916 4078 2164 4144 dicuntur)
2181 4102 2207 4120 u
2227 4095 2240 4128 :
2264 4082 2510 4129 Bauer.—

1503 4158 1639 4203 Velm
1663 4174 1840 4206 emerso
1860 4158 1922 4205 ab
1931 4192 1948 4214 ,
1979 4174 2146 4224 propr.
2173 4173 2263 4217 ex,
2295 4161 2515 4215 admita-¹
