3000 4717
391 414 658 521 ,33:212
817 428 1135 497 LIBER
1184 425 1360 492 vn.
1416 425 1632 493 CAP.
1686 426 2008 493 xxxu.
2331 434 2464 510 401

361 579 571 626 arma
601 551 955 641 inferrent.
994 551 1076 620 Si
1116 543 1364 614 leniter
1390 542 1678 637 agendo
1706 569 1984 640 parum
2001 546 2470 646 pmficerent,

360 665 865 738 denuntiarent
906 654 1338 729 Sammtibus
1368 654 1649 751 populi
1699 659 1990 724 romani
2050 673 2477 753 senatusque

360 775 634 857 verbis,
665 786 744 841 ut
788 773 1037 867 Capua
1070 765 1246 836 urbe
1279 789 1783 861 campanoque
1823 788 1999 859 agro
2032 764 2475 835 abstinerent.

360 891 526 956 Haec
563 881 813 978 legatis
851 867 1285 973 agentibus
1268 901 1345 944 1n
1387 875 1693 944 concilio
1722 876 2122 944 Samnitum
2158 875 2338 946 adeo
2377 889 2485 945 est

363 991 700 1064 ferociter
739 1008 1203 1084 responsum,
1247 1000 1331 1054 ut
1373 1010 1525 1054 non
1566 984 1801 1054 solum
1837 999 2166 1082 gesturos
2206 1011 2279 1055 se
2332 1011 2483 1057 esse

365 1102 688 1174 dicerent
741 1097 814 1167 id
857 1096 1168 1176 bellum,
1215 1094 1343 1164 sed
1394 1095 1847 1191 magistratus
1891 1119 2144 1166 eorum
2197 1121 2237 1165 e
2290 1097 2486 1167 curia

365 1212 665 1310 egressi,
705 1206 1059 1278 stantibus
1110 1204 1357 1303 legatis
1385 1215 1439 1293 ⁷,
1481 1203 1854 1301 praefectos
1899 1206 2309 1275 cohortium
2355 1231 2488 1277 vo-

367 1332 645 1407 carent3
677 1318 909 1414 iisque
946 1316 1134 1385 clara
1161 1338 1335 1384 voce
1367 1316 1839 1411 imperarent,
1874 1329 1954 1384 ut
1984 1315 2428 1411 praedatum
2411 1342 2487 1386 in

368 1456 618 1530 agrum
654 1452 1083 1546 campanum
1121 1424 1485 1521 extemplo
1525 1424 2176 1522 proficiscerentur.

463 1549 753 1616 XXXII.
797 1547 947 1612 Hac
994 1540 1352 1638 legatione
1388 1544 1694 1609 Romam
1728 1539 1990 1629 relata,
2039 1540 2289 1636 positis
2331 1564 2490 1610 om-

370 1657 573 1725 nium
623 1654 921 1723 aliarum
968 1674 1212 1720 rerum
1260 1645 1479 1736 curiS,
1520 1654 1803 1738 PatreS,
1847 1648 2210 1720 fecialibus
2248 1648 2336 1720 ad
2374 1675 2491 1721 res

369 1762 838 1862 repetendas1
881 1761 1148 1848 missiS,
1180 1704 1556 1854 belloqtie,
1597 1760 1766 1855 quia
1801 1783 1954 1829 non
1983 1758 2489 1849 redderentur,

366 1863 647 1946 solenni
679 1896 879 1941 more
897 1870 1211 1958 indict0,
1252 1869 1769 1958 decreverunt,
1805 1885 1888 1940 ut
1915 1871 2150 1966 primo
2190 1896 2487 1967 quoque

370 2000 699 2081 tempore
759 1981 850 2052 de
899 2006 980 2051 ea
1020 2005 1098 2051 re
1151 1979 1242 2050 ad
1290 1979 1648 2076 populum
1701 1976 2085 2049 ferretur·
2136 1978 2490 2074 jussuque

370 2094 628 2194 populi
649 2091 978 2163 consules
998 2088 1214 2161 ambo
1235 2114 1398 2159 cum
1418 2087 1808 2160 duobusab
1838 2088 2034 2159 Urbe
2055 2087 2490 2159 exercitibus

370 2202 708 2303 profecti,
747 2202 1072 2273 Valerius
1109 2202 1190 2270 in
1233 2201 1742 2297 Campaniam,
1791 2200 2168 2287 Cornelius
2196 2202 2272 2269 in
2306 2203 2497 2269 Sam·
2548 2277 2556 2282 ⁴

373 2317 578 2384 nium
594 2368 613 2401 ,
633 2311 749 2383 ille
765 2310 854 2381 ad
874 2325 1199 2383 montem
1227 2315 1547 2381 Gaurum
1570 2364 1590 2398 ,
1617 2310 1737 2380 hic
1755 2309 1843 2380 ad
1866 2310 2247 2380 Saticulam
2263 2323 2489 2394 castra

375 2435 684 2519 ponunt.
699 2424 928 2491 Priori
941 2421 1227 2492 Valerio
1242 2422 1666 2492 Samnitium
1689 2421 2006 2518 legiones
2032 2421 2149 2517 (eo
2173 2444 2487 2516 namque

380 2551 673 2601 omnem
702 2527 876 2597 belli
918 2531 1188 2599 molem
1226 2531 1731 2601 inclinaturam
1765 2525 2196 2622 censebant)
2235 2555 2505 2622 occur-=

375 2625 582 2725 runt3
611 2637 822 2706 simul
841 2637 918 2706 in
938 2643 1341 2733 Campanos
1360 2640 1770 2710 stimulabat
1787 2642 1920 2729 ira,
1949 2655 2094 2710 tam
2111 2655 2489 2737 promptos

378 2771 578 2818 nunc
593 2746 684 2818 ad
697 2745 1016 2833 ferenda,
1028 2771 1223 2816 nunc
1240 2745 1329 2816 ad
1343 2748 1758 2818 arcessenda
1770 2749 2109 2819 adversus
2125 2774 2198 2818 se
2214 2750 2487 2819 auxilia.

377 2862 475 2930 Ut
492 2856 909 2929 vero‘castra
938 2878 1235 2925 romana
1261 2854 1632 2944 viderunt,
1666 2854 1998 2926 ferociter
2020 2879 2155 2952 pro
2194 2880 2267 2925 se
2305 2856 2494 2951 quis-

380 2991 525 3062 que
553 2968 837 3064 signum
861 2964 1080 3035 duces
1102 2988 1397 3061 poscere
1413 2974 1469 3053 ²,
1494 2963 1850 3038 affirmare
1870 3018 1890 3052 ,
1923 2964 2172 3035 eadem
2204 2962 2494 3035 fortuna

380 3079 787 3147 Romanum
836 3080 1200 3172 Campano
1245 3075 1560 3147 laturum
1600 3099 1818 3173 opem
1839 3127 1859 3161 ,
1901 3098 2043 3169 qua
2088 3078 2503 3170 Campanus,

385 3183 697 3255 Sidicino
725 3185 990 3255 tulerit.
1029 3184 1353 3255 Valerius
1372 3239 1391 3272 ,
1435 3184 1712 3256 levibus
1749 3181 2260 3253 certaminibus
2280 3237 2298 3269 ,
2340 3198 2491 3256 ten-

385 3292 586 3362 tandi
615 3292 841 3363 hostis
877 3317 1121 3381 causa,
1159 3294 1353 3365 haud
1385 3296 1481 3365 ita
1513 3295 1780 3364 multos
1812 3294 2129 3363 moratus
2163 3291 2315 3361 dies
2333 3346 2352 3379 ‚
2400 3295 2495 3363 si-

384 3425 609 3500 gnum
633 3425 896 3499 pugnae
929 3406 1343 3500 proposuit,
1380 3406 1628 3502 paucis
1664 3427 1832 3475 suos
1868 3401 2290 3473 adhortatus
2319 3428 2336 3469 :
2380 3408 2498 3476 Ne

386 3609 534 3658 lectio
561 3608 754 3657 doctior
774 3621 823 3658 et
848 3610 1144 3675 optimorum
1160 3610 1301 3660 MSS.
1329 3638 1400 3648 —
1486 3612 2013 3674 dixisse.Quemlocum
2023 3611 2235 3659 restituit
2243 3612 2498 3660 Gron.En.

387 3690 466 3737 Ex
492 3702 591 3750 quo
618 3699 870 3752 appareret
897 3691 1124 3737 Senatum
1147 3681 1400 3737 retinuiizse
1561 3706 1609 3750 7.
1621 3691 1863 3738 Stantibus
1882 3690 2052 3755 legatis
2068 3690 2229 3737 adhue
2246 3704 2380 3736 more
2398 3704 2501 3736 ora-

389 3767 669 3814 memoriam
682 3768 906 3815 amieitiae
923 3767 1225 3815 Samnitium.
1235 3767 1401 3816 Auda—
1489 3780 1677 3828 torum,
1700 3769 1776 3815 vel
1800 3767 2128 3824 adstantibus,
2154 3767 2473 3831 praeaentibus
2486 3802 2502 3825 ,

389 3845 496 3892 cius
522 3844 666 3892 etiam
694 3845 800 3892 Liv.
827 3846 940 3893 loeo
970 3846 1151 3893 citato:
1176 3846 1405 3909 Exempli
1488 3846 1709 3895 nondum
1736 3845 1959 3892 dimissis.

381 3939 565 3989 parum
577 3922 797 3971 memoris
815 3923 970 3989 legum
985 3922 1341 3981 humanarum;
1328 3935 1404 3972 ·et
1561 3922 2177 3974 Cu.xxx11.1.Adres
2198 3924 2495 3986 repetendas,

389 4004 648 4062 xxxm,
673 4018 730 4050 12
752 4037 768 4060 ,
794 4003 1016 4065 Quintius
1041 4019 1242 4068 negare,
1264 4004 1404 4051 AEto-
1491 4004 1607 4052 vide
1630 4004 1693 4051 ad
1712 4006 1761 4062 Ι,
1790 4019 1886 4063 22,
1906 4019 1958 4051 ιι.
1982 4002 2029 4049 5.

394 4081 467 4129 los
486 4094 576 4129 aut
597 4081 742 4129 moris
765 4083 1092 4129 Romanorum
1117 4089 1372 4130 memorem
1383 4118 1401 4141 ,
1565 4099 1612 4131 α.
1658 4083 1866 4147 Quisque
1888 4082 2076 4147 signum
2110 4080 2251 4128 duces
2277 4097 2503 4147 poscere,

396 4170 487 4207 aut
507 4159 599 4209 sibi
614 4160 727 4224 ipsis
752 4161 1100 4212 convenientem
1123 4161 1407 4212 sententiam
1496 4161 1664 4211 confer
1680 4162 1744 4210 ad
1763 4164 1788 4210 1
1805 4196 1820 4220 ,
1847 4170 1941 4222 24,
1965 4178 2016 4208 n.
2045 4159 2096 4206 6.

589 4249 690 4315 II.
2086 4254 2176 4323 26
