<?xml version="1.0" encoding="UTF-8"?>
<!DOCTYPE html PUBLIC "-//W3C//DTD XHTML 1.0 Transitional//EN"
    "http://www.w3.org/TR/xhtml1/DTD/xhtml1-transitional.dtd">
<html xmlns="http://www.w3.org/1999/xhtml" xml:lang="en" lang="en">
 <head>
  <title>
</title>
<meta http-equiv="Content-Type" content="text/html;charset=utf-8" />
  <meta name='ocr-system' content='tesseract 3.04.00' />
  <meta name='ocr-capabilities' content='ocr_page ocr_carea ocr_par ocr_line ocrx_word'/>
</head>
<body>
  <div class='ocr_page' id='page_1' title='image "./titusliviuspata00unkngoog_0112.png"; bbox 0 0 3000 4717; ppageno 0'>
   <div class='ocr_carea' id='block_1_1' title="bbox 1263 248 2555 387">
    <p class='ocr_par' dir='ltr' id='par_1_1' title="bbox 1263 248 2555 387">
     <span class='ocr_line' id='line_1_1' title="bbox 1263 248 1286 283; baseline 0 0"><span class='ocrx_word' id='word_1_1' title='bbox 1263 248 1286 283; x_wconf 85' lang='grc' dir='ltr'><em>Ι</em></span> 
     </span>
     <span class='ocr_line' id='line_1_2' title="bbox 2180 338 2555 387; baseline 0.016 -12"><span class='ocrx_word' id='word_1_2' title='bbox 2180 341 2227 376; x_wconf 77' lang='grc' dir='ltr'>Α.</span> <span class='ocrx_word' id='word_1_3' title='bbox 2255 338 2302 376; x_wconf 88' lang='lat' dir='ltr'>C.</span> <span class='ocrx_word' id='word_1_4' title='bbox 2329 342 2555 387; x_wconf 54' lang='lat' dir='ltr'>defi—405.</span> 
     </span>
    </p>
   </div>
   <div class='ocr_carea' id='block_1_2' title="bbox 462 362 2685 2676">
    <p class='ocr_par' dir='ltr' id='par_1_2' title="bbox 465 362 2610 1459">
     <span class='ocr_line' id='line_1_3' title="bbox 490 362 2554 457; baseline 0.006 -29"><span class='ocrx_word' id='word_1_5' title='bbox 490 362 622 443; x_wconf 74' lang='grc'>104</span> <span class='ocrx_word' id='word_1_6' title='bbox 1180 384 1184 391; x_wconf 91' lang='grc'>’</span> <span class='ocrx_word' id='word_1_7' title='bbox 1229 396 1235 402; x_wconf 85' lang='grc'><strong><em>·</em></strong></span> <span class='ocrx_word' id='word_1_8' title='bbox 1324 362 1401 430; x_wconf 86' lang='grc' dir='ltr'>Τ.</span> <span class='ocrx_word' id='word_1_9' title='bbox 1463 362 1740 431; x_wconf 88' lang='lat' dir='ltr'>LIVII</span> <span class='ocrx_word' id='word_1_10' title='bbox 2179 399 2302 439; x_wconf 73' lang='lat' dir='ltr'>uc.</span> <span class='ocrx_word' id='word_1_11' title='bbox 2329 401 2554 457; x_wconf 72' lang='lat'><strong>³4⁵-³⁴7·</strong></span> 
     </span>
     <span class='ocr_line' id='line_1_4' title="bbox 478 479 2606 579; baseline 0.001 -30"><span class='ocrx_word' id='word_1_12' title='bbox 478 481 649 550; x_wconf 83' lang='lat' dir='ltr'>dum</span> <span class='ocrx_word' id='word_1_13' title='bbox 682 502 823 575; x_wconf 84' lang='lat' dir='ltr'>pro</span> <span class='ocrx_word' id='word_1_14' title='bbox 848 484 1131 576; x_wconf 79' lang='lat' dir='ltr'>populo</span> <span class='ocrx_word' id='word_1_15' title='bbox 1143 488 1170 567; x_wconf 82' lang='lat'>,¹</span> <span class='ocrx_word' id='word_1_16' title='bbox 1205 486 1360 551; x_wconf 84' lang='lat' dir='ltr'>sine</span> <span class='ocrx_word' id='word_1_17' title='bbox 1403 487 1719 579; x_wconf 74' lang='lat' dir='ltr'>imperiis</span> <span class='ocrx_word' id='word_1_18' title='bbox 1763 506 1851 552; x_wconf 87' lang='lat' dir='ltr'>ac</span> <span class='ocrx_word' id='word_1_19' title='bbox 1874 479 2353 576; x_wconf 77' lang='lat' dir='ltr'><em>potestatibus</em></span> <span class='ocrx_word' id='word_1_20' title='bbox 2392 481 2606 552; x_wconf 77' lang='lat' dir='ltr'>relin-</span> 
     </span>
     <span class='ocr_line' id='line_1_5' title="bbox 480 592 2604 690; baseline 0.003 -31"><span class='ocrx_word' id='word_1_21' title='bbox 480 606 807 688; x_wconf 75' lang='lat' dir='ltr'>quantur.</span> <span class='ocrx_word' id='word_1_22' title='bbox 839 592 1138 662; x_wconf 84' lang='lat' dir='ltr'>Irritatis</span> <span class='ocrx_word' id='word_1_23' title='bbox 1166 594 1543 690; x_wconf 80' lang='lat' dir='ltr'>utriusque</span> <span class='ocrx_word' id='word_1_24' title='bbox 1568 593 1790 690; x_wconf 85' lang='lat' dir='ltr'>partis</span> <span class='ocrx_word' id='word_1_25' title='bbox 1807 592 2092 680; x_wconf 67' lang='lat' dir='ltr'>animis»,</span> <span class='ocrx_word' id='word_1_26' title='bbox 2115 615 2346 686; x_wconf 85' lang='lat' dir='ltr'>quum</span> <span class='ocrx_word' id='word_1_27' title='bbox 2372 605 2446 662; x_wconf 89' lang='lat' dir='ltr'>et</span> <span class='ocrx_word' id='word_1_28' title='bbox 2469 594 2604 689; x_wconf 87' lang='lat' dir='ltr'>spi·-</span> 
     </span>
     <span class='ocr_line' id='line_1_6' title="bbox 470 699 2604 798; baseline 0.001 -29"><span class='ocrx_word' id='word_1_29' title='bbox 470 702 653 770; x_wconf 88' lang='lat' dir='ltr'>ritus</span> <span class='ocrx_word' id='word_1_30' title='bbox 690 699 937 796; x_wconf 87' lang='lat' dir='ltr'>plebes</span> <span class='ocrx_word' id='word_1_31' title='bbox 975 703 1392 798; x_wconf 83' lang='lat' dir='ltr'>sumpsisset</span> <span class='ocrx_word' id='word_1_32' title='bbox 1410 759 1429 791; x_wconf 91' lang='lat'>‚</span> <span class='ocrx_word' id='word_1_33' title='bbox 1464 718 1536 774; x_wconf 84' lang='lat' dir='ltr'>et</span> <span class='ocrx_word' id='word_1_34' title='bbox 1567 717 1715 774; x_wconf 48' lang='lat' dir='ltr'>tres¹</span> <span class='ocrx_word' id='word_1_35' title='bbox 1743 701 1833 772; x_wconf 92' lang='lat' dir='ltr'>ad</span> <span class='ocrx_word' id='word_1_36' title='bbox 1864 699 2289 798; x_wconf 81' lang='lat' dir='ltr'>popularem</span> <span class='ocrx_word' id='word_1_37' title='bbox 2317 724 2604 790; x_wconf 80' lang='lat' dir='ltr'>causam</span> 
     </span>
     <span class='ocr_line' id='line_1_7' title="bbox 472 811 2605 908; baseline -0 -26"><span class='ocrx_word' id='word_1_38' title='bbox 472 811 921 883; x_wconf 82' lang='lat' dir='ltr'>celeberrimi</span> <span class='ocrx_word' id='word_1_39' title='bbox 945 814 1258 883; x_wconf 86' lang='lat' dir='ltr'>nominis</span> <span class='ocrx_word' id='word_1_40' title='bbox 1283 812 1583 885; x_wconf 85' lang='lat' dir='ltr'>haberet</span> <span class='ocrx_word' id='word_1_41' title='bbox 1601 813 1819 885; x_wconf 88' lang='lat' dir='ltr'>duces</span> <span class='ocrx_word' id='word_1_42' title='bbox 1837 840 1856 900; x_wconf 92' lang='lat'>;</span> <span class='ocrx_word' id='word_1_43' title='bbox 1873 819 2125 892; x_wconf 52' lang='lat' dir='ltr'>‚Patres</span> <span class='ocrx_word' id='word_1_44' title='bbox 2153 812 2395 882; x_wconf 88' lang='lat' dir='ltr'>omnia</span> <span class='ocrx_word' id='word_1_45' title='bbox 2420 837 2605 908; x_wconf 78' lang='lat' dir='ltr'>quae-</span> 
     </span>
     <span class='ocr_line' id='line_1_8' title="bbox 472 918 2610 1019; baseline 0 -28"><span class='ocrx_word' id='word_1_46' title='bbox 472 923 710 992; x_wconf 87' lang='lat' dir='ltr'>storiis</span> <span class='ocrx_word' id='word_1_47' title='bbox 752 923 1058 994; x_wconf 88' lang='lat' dir='ltr'>comitiis</span> <span class='ocrx_word' id='word_1_48' title='bbox 1073 977 1094 1011; x_wconf 85' lang='lat'><strong><em>,</em></strong></span> <span class='ocrx_word' id='word_1_49' title='bbox 1132 922 1260 993; x_wconf 89' lang='lat' dir='ltr'>ubi</span> <span class='ocrx_word' id='word_1_50' title='bbox 1281 918 1309 965; x_wconf 78' lang='lat'><strong>⁸</strong></span> <span class='ocrx_word' id='word_1_51' title='bbox 1341 939 1739 1019; x_wconf 83' lang='lat' dir='ltr'>utrumque</span> <span class='ocrx_word' id='word_1_52' title='bbox 1783 921 1980 1019; x_wconf 89' lang='lat' dir='ltr'>plebi</span> <span class='ocrx_word' id='word_1_53' title='bbox 2022 921 2268 993; x_wconf 86' lang='lat' dir='ltr'>liceret</span> <span class='ocrx_word' id='word_1_54' title='bbox 2289 974 2308 1008; x_wconf 94' lang='lat'>‚</span> <span class='ocrx_word' id='word_1_55' title='bbox 2350 920 2610 992; x_wconf 75' lang='lat' dir='ltr'>similia*</span> 
     </span>
     <span class='ocr_line' id='line_1_9' title="bbox 465 1029 2605 1127; baseline 0 -26"><span class='ocrx_word' id='word_1_56' title='bbox 465 1029 621 1103; x_wconf 75' lang='lat' dir='ltr'>fore</span> <span class='ocrx_word' id='word_1_57' title='bbox 674 1049 1051 1105; x_wconf 87' lang='lat' dir='ltr'>cernentes</span> <span class='ocrx_word' id='word_1_58' title='bbox 1073 1088 1093 1120; x_wconf 88' lang='lat'><strong><em>‚</em></strong></span> <span class='ocrx_word' id='word_1_59' title='bbox 1141 1033 1439 1106; x_wconf 84' lang='lat' dir='ltr'>tendere</span> <span class='ocrx_word' id='word_1_60' title='bbox 1492 1033 1585 1103; x_wconf 89' lang='lat' dir='ltr'>ad</span> <span class='ocrx_word' id='word_1_61' title='bbox 1633 1033 2016 1104; x_wconf 90' lang='lat' dir='ltr'>consulum</span> <span class='ocrx_word' id='word_1_62' title='bbox 2069 1031 2395 1119; x_wconf 84' lang='lat' dir='ltr'>comitia,</span> <span class='ocrx_word' id='word_1_63' title='bbox 2441 1055 2605 1127; x_wconf 82' lang='lat' dir='ltr'>quae</span> 
     </span>
     <span class='ocr_line' id='line_1_10' title="bbox 466 1140 2602 1240; baseline 0.001 -28"><span class='ocrx_word' id='word_1_64' title='bbox 466 1143 797 1213; x_wconf 90' lang='lat' dir='ltr'>nondum</span> <span class='ocrx_word' id='word_1_65' title='bbox 830 1146 1237 1240; x_wconf 86' lang='lat' dir='ltr'>promiscua</span> <span class='ocrx_word' id='word_1_66' title='bbox 1278 1160 1537 1217; x_wconf 84' lang='lat' dir='ltr'>essent.</span> <span class='ocrx_word' id='word_1_67' title='bbox 1580 1143 1762 1214; x_wconf 90' lang='lat' dir='ltr'>Icilii</span> <span class='ocrx_word' id='word_1_68' title='bbox 1799 1157 2055 1214; x_wconf 89' lang='lat' dir='ltr'>contra</span> <span class='ocrx_word' id='word_1_69' title='bbox 2095 1140 2432 1212; x_wconf 84' lang='lat' dir='ltr'>tribunos</span> <span class='ocrx_word' id='word_1_70' title='bbox 2465 1142 2602 1225; x_wconf 78' lang='lat' dir='ltr'>mi-</span> 
     </span>
     <span class='ocr_line' id='line_1_11' title="bbox 469 1250 2606 1349; baseline 0.001 -29"><span class='ocrx_word' id='word_1_71' title='bbox 469 1250 679 1321; x_wconf 88' lang='lat' dir='ltr'>litum</span> <span class='ocrx_word' id='word_1_72' title='bbox 721 1252 1071 1325; x_wconf 86' lang='lat' dir='ltr'>creandos</span> <span class='ocrx_word' id='word_1_73' title='bbox 1116 1253 1355 1325; x_wconf 87' lang='lat' dir='ltr'>dicere</span> <span class='ocrx_word' id='word_1_74' title='bbox 1376 1307 1395 1343; x_wconf 91' lang='lat'>,</span> <span class='ocrx_word' id='word_1_75' title='bbox 1440 1269 1513 1326; x_wconf 90' lang='lat' dir='ltr'>et</span> <span class='ocrx_word' id='word_1_76' title='bbox 1556 1253 1852 1327; x_wconf 86' lang='lat' dir='ltr'>tandem</span> <span class='ocrx_word' id='word_1_77' title='bbox 1896 1250 2291 1349; x_wconf 86' lang='lat' dir='ltr'>aliquando</span> <span class='ocrx_word' id='word_1_78' title='bbox 2330 1253 2606 1349; x_wconf 87' lang='lat' dir='ltr'>impar-</span> 
     </span>
     <span class='ocr_line' id='line_1_12' title="bbox 467 1361 2048 1459; baseline 0.004 -28"><span class='ocrx_word' id='word_1_79' title='bbox 467 1361 754 1433; x_wconf 86' lang='lat' dir='ltr'>tiendos</span> <span class='ocrx_word' id='word_1_80' title='bbox 792 1363 990 1459; x_wconf 90' lang='lat' dir='ltr'>plebi</span> <span class='ocrx_word' id='word_1_81' title='bbox 1031 1364 1368 1438; x_wconf 78' lang='lat' dir='ltr'>honores,</span> <span class='ocrx_word' id='word_1_82' title='bbox 2045 1449 2048 1453; x_wconf 30' lang='grc'>,</span> 
     </span>
    </p>

    <p class='ocr_par' dir='ltr' id='par_1_3' title="bbox 462 1473 2685 2676">
     <span class='ocr_line' id='line_1_13' title="bbox 562 1473 2603 1569; baseline -0 -27"><span class='ocrx_word' id='word_1_83' title='bbox 562 1477 707 1543; x_wconf 92' lang='lat' dir='ltr'>LV.</span> <span class='ocrx_word' id='word_1_84' title='bbox 758 1473 900 1543; x_wconf 89' lang='lat' dir='ltr'>Sed</span> <span class='ocrx_word' id='word_1_85' title='bbox 925 1485 946 1514; x_wconf 83' lang='lat'><em>¹</em></span> <span class='ocrx_word' id='word_1_86' title='bbox 982 1474 1182 1544; x_wconf 88' lang='lat' dir='ltr'>nulla</span> <span class='ocrx_word' id='word_1_87' title='bbox 1224 1489 1376 1547; x_wconf 88' lang='lat' dir='ltr'>erat</span> <span class='ocrx_word' id='word_1_88' title='bbox 1416 1473 1811 1547; x_wconf 89' lang='lat' dir='ltr'>consularis</span> <span class='ocrx_word' id='word_1_89' title='bbox 1848 1473 2034 1545; x_wconf 89' lang='lat' dir='ltr'>actio</span> <span class='ocrx_word' id='word_1_90' title='bbox 2056 1525 2075 1561; x_wconf 91' lang='lat'>‚</span> <span class='ocrx_word' id='word_1_91' title='bbox 2109 1496 2329 1569; x_wconf 91' lang='lat' dir='ltr'>quam</span> <span class='ocrx_word' id='word_1_92' title='bbox 2373 1473 2603 1569; x_wconf 87' lang='lat' dir='ltr'>impe·</span> 
     </span>
     <span class='ocr_line' id='line_1_14' title="bbox 469 1580 2605 1685; baseline 0.001 -35"><span class='ocrx_word' id='word_1_93' title='bbox 469 1580 739 1652; x_wconf 85' lang='lat' dir='ltr'>diendo</span> <span class='ocrx_word' id='word_1_94' title='bbox 776 1582 851 1652; x_wconf 91' lang='lat' dir='ltr'>id</span> <span class='ocrx_word' id='word_1_95' title='bbox 874 1638 892 1669; x_wconf 91' lang='lat'>‚</span> <span class='ocrx_word' id='word_1_96' title='bbox 934 1585 1134 1680; x_wconf 89' lang='lat' dir='ltr'>quod</span> <span class='ocrx_word' id='word_1_97' title='bbox 1172 1584 1560 1682; x_wconf 85' lang='lat' dir='ltr'>petebant,</span> <span class='ocrx_word' id='word_1_98' title='bbox 1596 1587 2123 1685; x_wconf 85' lang='lat' dir='ltr'>exprimerent:</span> <span class='ocrx_word' id='word_1_99' title='bbox 2159 1608 2385 1680; x_wconf 89' lang='lat' dir='ltr'>quum</span> <span class='ocrx_word' id='word_1_100' title='bbox 2425 1584 2605 1655; x_wconf 84' lang='lat' dir='ltr'>mira</span> 
     </span>
     <span class='ocr_line' id='line_1_15' title="bbox 468 1692 2605 1795; baseline 0.001 -34"><span class='ocrx_word' id='word_1_101' title='bbox 468 1695 1015 1787; x_wconf 84' lang='lat' dir='ltr'>opportunitate</span> <span class='ocrx_word' id='word_1_102' title='bbox 1034 1749 1052 1783; x_wconf 85' lang='lat'>‚</span> <span class='ocrx_word' id='word_1_103' title='bbox 1073 1695 1373 1767; x_wconf 83' lang='lat' dir='ltr'>Volscos</span> <span class='ocrx_word' id='word_1_104' title='bbox 1400 1712 1473 1767; x_wconf 89' lang='lat' dir='ltr'>et</span> <span class='ocrx_word' id='word_1_105' title='bbox 1490 1702 1762 1794; x_wconf 87' lang='lat' dir='ltr'>AEquos</span> <span class='ocrx_word' id='word_1_106' title='bbox 1783 1697 2179 1795; x_wconf 79' lang='lat' dir='ltr'>praedatum</span> <span class='ocrx_word' id='word_1_107' title='bbox 2200 1709 2401 1767; x_wconf 86' lang='lat' dir='ltr'>extra</span> <span class='ocrx_word' id='word_1_108' title='bbox 2419 1692 2605 1765; x_wconf 84' lang='lat' dir='ltr'>fines</span> 
     </span>
     <span class='ocr_line' id='line_1_16' title="bbox 468 1801 2605 1906; baseline 0 -33"><span class='ocrx_word' id='word_1_109' title='bbox 468 1805 696 1876; x_wconf 87' lang='lat' dir='ltr'>exisse</span> <span class='ocrx_word' id='word_1_110' title='bbox 740 1807 814 1876; x_wconf 91' lang='lat' dir='ltr'>in</span> <span class='ocrx_word' id='word_1_111' title='bbox 865 1831 1114 1902; x_wconf 85' lang='lat' dir='ltr'>agrum</span> <span class='ocrx_word' id='word_1_112' title='bbox 1164 1807 1470 1878; x_wconf 84' lang='lat' dir='ltr'>latinum</span> <span class='ocrx_word' id='word_1_113' title='bbox 1517 1809 2081 1906; x_wconf 86' lang='lat' dir='ltr'>hernicumque‚</span> <span class='ocrx_word' id='word_1_114' title='bbox 2123 1804 2445 1878; x_wconf 85' lang='lat' dir='ltr'>affertur.</span> <span class='ocrx_word' id='word_1_115' title='bbox 2491 1801 2605 1874; x_wconf 74' lang='lat' dir='ltr'>Ad</span> 
     </span>
     <span class='ocr_line' id='line_1_17' title="bbox 464 1908 2604 2011; baseline 0.001 -27"><span class='ocrx_word' id='word_1_116' title='bbox 464 1914 665 2011; x_wconf 86' lang='lat' dir='ltr'>quod</span> <span class='ocrx_word' id='word_1_117' title='bbox 684 1915 957 1989; x_wconf 87' lang='lat' dir='ltr'>bellum</span> <span class='ocrx_word' id='word_1_118' title='bbox 982 1917 1109 1988; x_wconf 91' lang='lat' dir='ltr'>ubi</span> <span class='ocrx_word' id='word_1_119' title='bbox 1129 1943 1219 1988; x_wconf 84' lang='lat' dir='ltr'>ex</span> <span class='ocrx_word' id='word_1_120' title='bbox 1243 1908 1869 1990; x_wconf 75' lang='lat' dir='ltr'>senatusconsulto</span> <span class='ocrx_word' id='word_1_121' title='bbox 1892 1917 2224 1989; x_wconf 87' lang='lat' dir='ltr'>consules</span> <span class='ocrx_word' id='word_1_122' title='bbox 2243 1916 2604 1987; x_wconf 83' lang='lat' dir='ltr'>delectum</span> 
     </span>
     <span class='ocr_line' id='line_1_18' title="bbox 463 2023 2607 2125; baseline -0.001 -30"><span class='ocrx_word' id='word_1_123' title='bbox 463 2025 734 2099; x_wconf 88' lang='lat' dir='ltr'>habere</span> <span class='ocrx_word' id='word_1_124' title='bbox 758 2029 1164 2125; x_wconf 82' lang='lat' dir='ltr'>occipiunt3</span> <span class='ocrx_word' id='word_1_125' title='bbox 1194 2027 1483 2100; x_wconf 87' lang='lat' dir='ltr'>obstare</span> <span class='ocrx_word' id='word_1_126' title='bbox 1508 2043 1687 2099; x_wconf 90' lang='lat' dir='ltr'>tunc</span> <span class='ocrx_word' id='word_1_127' title='bbox 1713 2029 1923 2099; x_wconf 85' lang='lat' dir='ltr'>enixe</span> <span class='ocrx_word' id='word_1_128' title='bbox 1951 2027 2269 2113; x_wconf 85' lang='lat' dir='ltr'>tribuni,</span> <span class='ocrx_word' id='word_1_129' title='bbox 2295 2025 2433 2097; x_wconf 88' lang='lat' dir='ltr'>sibi</span> <span class='ocrx_word' id='word_1_130' title='bbox 2461 2023 2607 2120; x_wconf 89' lang='lat' dir='ltr'>ple·</span> 
     </span>
     <span class='ocr_line' id='line_1_19' title="bbox 464 2135 2685 2235; baseline -0.003 -27"><span class='ocrx_word' id='word_1_131' title='bbox 464 2135 692 2235; x_wconf 88' lang='lat' dir='ltr'>bique</span> <span class='ocrx_word' id='word_1_132' title='bbox 721 2165 878 2211; x_wconf 89' lang='lat' dir='ltr'>eam</span> <span class='ocrx_word' id='word_1_133' title='bbox 904 2138 1269 2212; x_wconf 84' lang='lat' dir='ltr'>fortunam</span> <span class='ocrx_word' id='word_1_134' title='bbox 1293 2139 1611 2211; x_wconf 87' lang='lat' dir='ltr'>oblatam</span> <span class='ocrx_word' id='word_1_135' title='bbox 1640 2150 2146 2209; x_wconf 84' lang='lat' dir='ltr'>memorantes.</span> <span class='ocrx_word' id='word_1_136' title='bbox 2171 2141 2345 2205; x_wconf 84' lang='lat' dir='ltr'>Tres</span> <span class='ocrx_word' id='word_1_137' title='bbox 2366 2147 2602 2220; x_wconf 82' lang='lat' dir='ltr'>erant,</span> <span class='ocrx_word' id='word_1_138' title='bbox 2678 2184 2685 2203; x_wconf 83' lang='grc'><strong>,</strong></span> 
     </span>
     <span class='ocr_line' id='line_1_20' title="bbox 464 2242 2625 2347; baseline -0.004 -28"><span class='ocrx_word' id='word_1_139' title='bbox 464 2262 535 2320; x_wconf 87' lang='lat' dir='ltr'>et</span> <span class='ocrx_word' id='word_1_140' title='bbox 562 2274 816 2321; x_wconf 89' lang='lat' dir='ltr'>omnes</span> <span class='ocrx_word' id='word_1_141' title='bbox 846 2252 1173 2322; x_wconf 84' lang='lat' dir='ltr'>acerrimi</span> <span class='ocrx_word' id='word_1_142' title='bbox 1200 2252 1369 2338; x_wconf 90' lang='lat' dir='ltr'>viri,</span> <span class='ocrx_word' id='word_1_143' title='bbox 1399 2251 1878 2347; x_wconf 83' lang='lat' dir='ltr'>generosique</span> <span class='ocrx_word' id='word_1_144' title='bbox 1899 2247 2047 2340; x_wconf 84' lang='lat' dir='ltr'>jam</span> <span class='ocrx_word' id='word_1_145' title='bbox 2065 2300 2084 2333; x_wconf 92' lang='lat'>,</span> <span class='ocrx_word' id='word_1_146' title='bbox 2113 2258 2195 2315; x_wconf 82' lang='lat' dir='ltr'>ul:</span> <span class='ocrx_word' id='word_1_147' title='bbox 2230 2246 2420 2314; x_wconf 82' lang='lat' dir='ltr'>inter</span> <span class='ocrx_word' id='word_1_148' title='bbox 2445 2242 2625 2339; x_wconf 89' lang='lat' dir='ltr'>ple--</span> 
     </span>
     <span class='ocr_line' id='line_1_21' title="bbox 462 2357 2602 2458; baseline -0.003 -30"><span class='ocrx_word' id='word_1_149' title='bbox 462 2357 670 2430; x_wconf 89' lang='lat' dir='ltr'>beios</span> <span class='ocrx_word' id='word_1_150' title='bbox 706 2388 719 2428; x_wconf 72' lang='grc' dir='ltr'>ε</span> <span class='ocrx_word' id='word_1_151' title='bbox 758 2361 908 2431; x_wconf 91' lang='lat' dir='ltr'>duo</span> <span class='ocrx_word' id='word_1_152' title='bbox 927 2415 945 2448; x_wconf 88' lang='lat'>‚</span> <span class='ocrx_word' id='word_1_153' title='bbox 986 2362 1248 2457; x_wconf 83' lang='lat' dir='ltr'>singuli</span> <span class='ocrx_word' id='word_1_154' title='bbox 1286 2360 1646 2458; x_wconf 78' lang='lat' dir='ltr'>singulos,</span> <span class='ocrx_word' id='word_1_155' title='bbox 1686 2358 1824 2430; x_wconf 78' lang='lat' dir='ltr'>sibi</span> <span class='ocrx_word' id='word_1_156' title='bbox 1863 2357 2195 2429; x_wconf 71' lang='lat' dir='ltr'>consules</span> <span class='ocrx_word' id='word_1_157' title='bbox 2236 2374 2602 2449; x_wconf 76' lang='lat' dir='ltr'>asservan-</span> 
     </span>
     <span class='ocr_line' id='line_1_22' title="bbox 466 2463 2605 2565; baseline -0.001 -31"><span class='ocrx_word' id='word_1_158' title='bbox 466 2464 599 2537; x_wconf 89' lang='lat' dir='ltr'>dos</span> <span class='ocrx_word' id='word_1_159' title='bbox 648 2468 930 2538; x_wconf 87' lang='lat' dir='ltr'>assidua</span> <span class='ocrx_word' id='word_1_160' title='bbox 980 2493 1200 2565; x_wconf 90' lang='lat' dir='ltr'>opera</span> <span class='ocrx_word' id='word_1_161' title='bbox 1250 2470 1644 2542; x_wconf 83' lang='lat' dir='ltr'>desumunt</span> <span class='ocrx_word' id='word_1_162' title='bbox 1683 2496 1697 2539; x_wconf 74' lang='grc' dir='ltr'><strong><em>ε</em></strong></span> <span class='ocrx_word' id='word_1_163' title='bbox 1743 2471 1876 2539; x_wconf 87' lang='lat' dir='ltr'>uni</span> <span class='ocrx_word' id='word_1_164' title='bbox 1919 2465 2395 2539; x_wconf 74' lang='lat' dir='ltr'>concionibus</span> <span class='ocrx_word' id='word_1_165' title='bbox 2438 2463 2605 2534; x_wconf 85' lang='lat' dir='ltr'>data</span> 
     </span>
     <span class='ocr_line' id='line_1_23' title="bbox 462 2576 2602 2676; baseline 0 -31"><span class='ocrx_word' id='word_1_166' title='bbox 462 2601 663 2647; x_wconf 86' lang='lat' dir='ltr'>nunc</span> <span class='ocrx_word' id='word_1_167' title='bbox 686 2576 1108 2666; x_wconf 82' lang='lat' dir='ltr'>detinenda,</span> <span class='ocrx_word' id='word_1_168' title='bbox 1130 2603 1327 2650; x_wconf 86' lang='lat' dir='ltr'>nunc</span> <span class='ocrx_word' id='word_1_169' title='bbox 1355 2579 1751 2650; x_wconf 84' lang='lat' dir='ltr'>concienda</span> <span class='ocrx_word' id='word_1_170' title='bbox 1778 2579 2022 2676; x_wconf 85' lang='lat' dir='ltr'>plebs:</span> <span class='ocrx_word' id='word_1_171' title='bbox 2048 2590 2226 2649; x_wconf 77' lang='lat' dir='ltr'>nec²</span> <span class='ocrx_word' id='word_1_172' title='bbox 2244 2576 2602 2649; x_wconf 82' lang='lat' dir='ltr'>delectum</span> 
     </span>
    </p>
   </div>
   <div class='ocr_carea' id='block_1_3' title="bbox 465 2780 1490 2925">
    <p class='ocr_par' dir='ltr' id='par_1_4' title="bbox 465 2780 1490 2925">
     <span class='ocr_line' id='line_1_24' title="bbox 465 2780 1488 2846; baseline 0.004 -20"><span class='ocrx_word' id='word_1_173' title='bbox 465 2780 633 2844; x_wconf 82' lang='lat' dir='ltr'>potius</span> <span class='ocrx_word' id='word_1_174' title='bbox 658 2780 915 2828; x_wconf 83' lang='lat' dir='ltr'>nominant</span> <span class='ocrx_word' id='word_1_175' title='bbox 938 2781 1162 2846; x_wconf 86' lang='lat' dir='ltr'>patricii,</span> <span class='ocrx_word' id='word_1_176' title='bbox 1187 2796 1332 2845; x_wconf 84' lang='lat' dir='ltr'>quam</span> <span class='ocrx_word' id='word_1_177' title='bbox 1358 2785 1488 2830; x_wconf 88' lang='lat' dir='ltr'>Pon·</span> 
     </span>
     <span class='ocr_line' id='line_1_25' title="bbox 465 2857 1490 2925; baseline 0.003 -19"><span class='ocrx_word' id='word_1_178' title='bbox 465 2857 623 2906; x_wconf 76' lang='lat' dir='ltr'>tifices</span> <span class='ocrx_word' id='word_1_179' title='bbox 646 2871 695 2907; x_wconf 90' lang='lat' dir='ltr'>et</span> <span class='ocrx_word' id='word_1_180' title='bbox 716 2860 964 2922; x_wconf 82' lang='lat' dir='ltr'>Augures,</span> <span class='ocrx_word' id='word_1_181' title='bbox 992 2876 1143 2923; x_wconf 88' lang='lat' dir='ltr'>quum</span> <span class='ocrx_word' id='word_1_182' title='bbox 1170 2858 1346 2908; x_wconf 87' lang='lat' dir='ltr'>horum</span> <span class='ocrx_word' id='word_1_183' title='bbox 1374 2877 1490 2925; x_wconf 87' lang='lat' dir='ltr'>quo-</span> 
     </span>
    </p>
   </div>
   <div class='ocr_carea' id='block_1_4' title="bbox 1576 2782 2601 2925">
    <p class='ocr_par' dir='ltr' id='par_1_5' title="bbox 1576 2782 2601 2925">
     <span class='ocr_line' id='line_1_26' title="bbox 1576 2782 2601 2846; baseline -0.004 -16"><span class='ocrx_word' id='word_1_184' title='bbox 1576 2782 1664 2830; x_wconf 83' lang='lat' dir='ltr'>vili</span> <span class='ocrx_word' id='word_1_185' title='bbox 1677 2817 1690 2840; x_wconf 92' lang='lat'><strong>,</strong></span> <span class='ocrx_word' id='word_1_186' title='bbox 1705 2783 1784 2831; x_wconf 84' lang='lat' dir='ltr'>vel</span> <span class='ocrx_word' id='word_1_187' title='bbox 1794 2783 1989 2844; x_wconf 83' lang='lat' dir='ltr'>juribus</span> <span class='ocrx_word' id='word_1_188' title='bbox 2002 2784 2365 2846; x_wconf 83' lang='lat' dir='ltr'>magistratuum</span> <span class='ocrx_word' id='word_1_189' title='bbox 2378 2815 2392 2839; x_wconf 97' lang='lat'>,</span> <span class='ocrx_word' id='word_1_190' title='bbox 2410 2782 2513 2828; x_wconf 78' lang='lat' dir='ltr'>sive</span> <span class='ocrx_word' id='word_1_191' title='bbox 2526 2797 2601 2826; x_wconf 89' lang='lat' dir='ltr'>ur-</span> 
     </span>
     <span class='ocr_line' id='line_1_27' title="bbox 1577 2861 2600 2925; baseline -0.004 -16"><span class='ocrx_word' id='word_1_192' title='bbox 1577 2862 1817 2910; x_wconf 86' lang='lat' dir='ltr'>banorum</span> <span class='ocrx_word' id='word_1_193' title='bbox 1834 2897 1847 2921; x_wconf 93' lang='lat'><strong>,</strong></span> <span class='ocrx_word' id='word_1_194' title='bbox 1863 2862 1967 2908; x_wconf 87' lang='lat' dir='ltr'>sive</span> <span class='ocrx_word' id='word_1_195' title='bbox 1984 2861 2374 2925; x_wconf 84' lang='lat' dir='ltr'>provincialium.</span> <span class='ocrx_word' id='word_1_196' title='bbox 2391 2886 2459 2896; x_wconf 89' lang='lat'>—</span> <span class='ocrx_word' id='word_1_197' title='bbox 2489 2862 2600 2906; x_wconf 88' lang='lat' dir='ltr'>Tres</span> 
     </span>
    </p>
   </div>
   <div class='ocr_carea' id='block_1_5' title="bbox 447 2938 1493 4183">
    <p class='ocr_par' dir='ltr' id='par_1_6' title="bbox 447 2938 1493 4183">
     <span class='ocr_line' id='line_1_28' title="bbox 466 2938 1490 3005; baseline 0.001 -18"><span class='ocrx_word' id='word_1_198' title='bbox 466 2954 561 3002; x_wconf 86' lang='lat' dir='ltr'>que</span> <span class='ocrx_word' id='word_1_199' title='bbox 579 2938 850 2987; x_wconf 79' lang='lat' dir='ltr'>sacerdotia</span> <span class='ocrx_word' id='word_1_200' title='bbox 868 2950 972 2986; x_wconf 87' lang='lat' dir='ltr'>tum</span> <span class='ocrx_word' id='word_1_201' title='bbox 986 2941 1207 2988; x_wconf 86' lang='lat' dir='ltr'>nondum</span> <span class='ocrx_word' id='word_1_202' title='bbox 1223 2956 1333 2988; x_wconf 77' lang='lat' dir='ltr'>cum</span> <span class='ocrx_word' id='word_1_203' title='bbox 1345 2940 1490 3005; x_wconf 81' lang='lat' dir='ltr'>plebe</span> 
     </span>
     <span class='ocr_line' id='line_1_29' title="bbox 447 3019 1490 3068; baseline 0.002 -3"><span class='ocrx_word' id='word_1_204' title='bbox 447 3019 824 3066; x_wconf 77' lang='lat' dir='ltr'>&#39;communicata</span> <span class='ocrx_word' id='word_1_205' title='bbox 864 3030 1025 3067; x_wconf 82' lang='lat' dir='ltr'>essent</span> <span class='ocrx_word' id='word_1_206' title='bbox 1043 3021 1065 3066; x_wconf 70' lang='grc' dir='ltr'><strong><em>ἓ</em></strong></span> <span class='ocrx_word' id='word_1_207' title='bbox 1105 3023 1227 3068; x_wconf 82' lang='lat' dir='ltr'>Haec</span> <span class='ocrx_word' id='word_1_208' title='bbox 1255 3036 1358 3067; x_wconf 90' lang='lat' dir='ltr'>non</span> <span class='ocrx_word' id='word_1_209' title='bbox 1390 3031 1490 3067; x_wconf 81' lang='lat' dir='ltr'>tam</span> 
     </span>
     <span class='ocr_line' id='line_1_30' title="bbox 464 3096 1490 3162; baseline 0.002 -20"><span class='ocrx_word' id='word_1_210' title='bbox 464 3113 492 3143; x_wconf 85' lang='lat' dir='ltr'>c</span> <span class='ocrx_word' id='word_1_211' title='bbox 518 3096 707 3143; x_wconf 82' lang='lat' dir='ltr'>ratione</span> <span class='ocrx_word' id='word_1_212' title='bbox 734 3099 988 3160; x_wconf 68' lang='lat' dir='ltr'>praesentis</span> <span class='ocrx_word' id='word_1_213' title='bbox 1023 3100 1259 3162; x_wconf 86' lang='lat' dir='ltr'>temporis</span> <span class='ocrx_word' id='word_1_214' title='bbox 1295 3099 1490 3162; x_wconf 83' lang='lat' dir='ltr'>scripsit</span> 
     </span>
     <span class='ocr_line' id='line_1_31' title="bbox 463 3174 1486 3235; baseline 0.003 -15"><span class='ocrx_word' id='word_1_215' title='bbox 463 3174 633 3221; x_wconf 82' lang='lat' dir='ltr'>Livius</span> <span class='ocrx_word' id='word_1_216' title='bbox 647 3208 662 3231; x_wconf 90' lang='lat'>,</span> <span class='ocrx_word' id='word_1_217' title='bbox 691 3184 790 3235; x_wconf 78' lang='lat' dir='ltr'>quo</span> <span class='ocrx_word' id='word_1_218' title='bbox 817 3174 926 3223; x_wconf 83' lang='lat' dir='ltr'>haec</span> <span class='ocrx_word' id='word_1_219' title='bbox 960 3176 1092 3224; x_wconf 83' lang='lat' dir='ltr'>dicta</span> <span class='ocrx_word' id='word_1_220' title='bbox 1117 3176 1267 3223; x_wconf 84' lang='lat' dir='ltr'>fuisse</span> <span class='ocrx_word' id='word_1_221' title='bbox 1297 3187 1486 3232; x_wconf 84' lang='lat' dir='ltr'>narrat,</span> 
     </span>
     <span class='ocr_line' id='line_1_32' title="bbox 466 3253 1490 3317; baseline 0.003 -20"><span class='ocrx_word' id='word_1_222' title='bbox 466 3267 611 3315; x_wconf 82' lang='lat' dir='ltr'>quam</span> <span class='ocrx_word' id='word_1_223' title='bbox 642 3254 959 3315; x_wconf 79' lang='lat' dir='ltr'>posterioris,</span> <span class='ocrx_word' id='word_1_224' title='bbox 994 3269 1125 3316; x_wconf 89' lang='lat' dir='ltr'>quo,</span> <span class='ocrx_word' id='word_1_225' title='bbox 1165 3268 1314 3316; x_wconf 83' lang='lat' dir='ltr'>quum</span> <span class='ocrx_word' id='word_1_226' title='bbox 1348 3253 1490 3317; x_wconf 74' lang='lat' dir='ltr'>plebs</span> 
     </span>
     <span class='ocr_line' id='line_1_33' title="bbox 464 3329 1487 3389; baseline 0 -11"><span class='ocrx_word' id='word_1_227' title='bbox 464 3329 527 3378; x_wconf 89' lang='lat' dir='ltr'>ad</span> <span class='ocrx_word' id='word_1_228' title='bbox 577 3329 669 3376; x_wconf 78' lang='lat' dir='ltr'>alia</span> <span class='ocrx_word' id='word_1_229' title='bbox 718 3330 989 3378; x_wconf 80' lang='lat' dir='ltr'>sacerdotia</span> <span class='ocrx_word' id='word_1_230' title='bbox 1036 3331 1245 3378; x_wconf 83' lang='lat' dir='ltr'>admissa</span> <span class='ocrx_word' id='word_1_231' title='bbox 1291 3331 1487 3389; x_wconf 69' lang='lat' dir='ltr'>fixisset,</span> 
     </span>
     <span class='ocr_line' id='line_1_34' title="bbox 462 3409 1493 3472; baseline 0.001 -15"><span class='ocrx_word' id='word_1_232' title='bbox 462 3411 574 3457; x_wconf 80' lang='lat' dir='ltr'>Rex</span> <span class='ocrx_word' id='word_1_233' title='bbox 592 3412 839 3456; x_wconf 77' lang='lat' dir='ltr'>sacrorum</span> <span class='ocrx_word' id='word_1_234' title='bbox 851 3442 864 3465; x_wconf 92' lang='lat'><em>‚</em></span> <span class='ocrx_word' id='word_1_235' title='bbox 884 3409 999 3456; x_wconf 86' lang='lat' dir='ltr'>Salii</span> <span class='ocrx_word' id='word_1_236' title='bbox 1019 3409 1356 3472; x_wconf 79' lang='lat' dir='ltr'>Flaminesque</span> <span class='ocrx_word' id='word_1_237' title='bbox 1371 3426 1493 3458; x_wconf 80' lang='lat' dir='ltr'>sem-</span> 
     </span>
     <span class='ocr_line' id='line_1_35' title="bbox 465 3487 1491 3553; baseline 0.002 -19"><span class='ocrx_word' id='word_1_238' title='bbox 465 3504 555 3553; x_wconf 83' lang='lat' dir='ltr'>per</span> <span class='ocrx_word' id='word_1_239' title='bbox 594 3505 622 3535; x_wconf 93' lang='lat' dir='ltr'>e</span> <span class='ocrx_word' id='word_1_240' title='bbox 656 3487 772 3534; x_wconf 85' lang='lat' dir='ltr'>solis</span> <span class='ocrx_word' id='word_1_241' title='bbox 813 3487 1031 3551; x_wconf 85' lang='lat' dir='ltr'>patriciis</span> <span class='ocrx_word' id='word_1_242' title='bbox 1076 3488 1365 3536; x_wconf 73' lang='lat' dir='ltr'>creabantur</span> <span class='ocrx_word' id='word_1_243' title='bbox 1380 3525 1394 3548; x_wconf 94' lang='lat'><strong><em>‚</em></strong></span> <span class='ocrx_word' id='word_1_244' title='bbox 1436 3499 1491 3536; x_wconf 84' lang='lat' dir='ltr'>ut</span> 
     </span>
     <span class='ocr_line' id='line_1_36' title="bbox 469 3565 1492 3631; baseline 0.001 -17"><span class='ocrx_word' id='word_1_245' title='bbox 469 3578 641 3616; x_wconf 84' lang='lat' dir='ltr'>auctor</span> <span class='ocrx_word' id='word_1_246' title='bbox 665 3577 738 3614; x_wconf 83' lang='lat' dir='ltr'>est</span> <span class='ocrx_word' id='word_1_247' title='bbox 762 3565 866 3614; x_wconf 88' lang='lat' dir='ltr'>Cic.</span> <span class='ocrx_word' id='word_1_248' title='bbox 889 3583 941 3630; x_wconf 85' lang='lat' dir='ltr'>p.</span> <span class='ocrx_word' id='word_1_249' title='bbox 972 3566 1121 3614; x_wconf 87' lang='lat' dir='ltr'>domo</span> <span class='ocrx_word' id='word_1_250' title='bbox 1148 3580 1256 3631; x_wconf 79' lang='lat' dir='ltr'>cap.</span> <span class='ocrx_word' id='word_1_251' title='bbox 1288 3573 1367 3622; x_wconf 74' lang='lat'>14.</span> <span class='ocrx_word' id='word_1_252' title='bbox 1411 3566 1492 3616; x_wconf 86' lang='lat' dir='ltr'>Sic</span> 
     </span>
     <span class='ocr_line' id='line_1_37' title="bbox 468 3646 1485 3711; baseline 0.001 -18"><span class='ocrx_word' id='word_1_253' title='bbox 468 3663 574 3710; x_wconf 89' lang='lat' dir='ltr'>cap.</span> <span class='ocrx_word' id='word_1_254' title='bbox 616 3647 709 3708; x_wconf 83' lang='lat'>58;</span> <span class='ocrx_word' id='word_1_255' title='bbox 751 3655 799 3692; x_wconf 84' lang='lat' dir='ltr'>et</span> <span class='ocrx_word' id='word_1_256' title='bbox 837 3646 939 3704; x_wconf 92' lang='lat'>111,</span> <span class='ocrx_word' id='word_1_257' title='bbox 985 3647 1080 3709; x_wconf 77' lang='lat'>683</span> <span class='ocrx_word' id='word_1_258' title='bbox 1116 3646 1485 3711; x_wconf 68' lang='lat' dir='ltr'>pet-‚prolepsin</span> 
     </span>
     <span class='ocr_line' id='line_1_38' title="bbox 464 3724 1485 3789; baseline 0.001 -17"><span class='ocrx_word' id='word_1_259' title='bbox 464 3735 700 3772; x_wconf 71' lang='lat' dir='ltr'>memorat</span> <span class='ocrx_word' id='word_1_260' title='bbox 727 3724 994 3789; x_wconf 80' lang='lat' dir='ltr'>stipendia,</span> <span class='ocrx_word' id='word_1_261' title='bbox 1033 3735 1139 3773; x_wconf 84' lang='lat' dir='ltr'>tum</span> <span class='ocrx_word' id='word_1_262' title='bbox 1164 3725 1385 3772; x_wconf 84' lang='lat' dir='ltr'>nondum</span> <span class='ocrx_word' id='word_1_263' title='bbox 1409 3727 1485 3773; x_wconf 88' lang='lat' dir='ltr'>in-</span> 
     </span>
     <span class='ocr_line' id='line_1_39' title="bbox 461 3802 1489 3868; baseline 0.005 -18"><span class='ocrx_word' id='word_1_264' title='bbox 461 3804 631 3851; x_wconf 86' lang='lat' dir='ltr'>stituta</span> <span class='ocrx_word' id='word_1_265' title='bbox 673 3803 789 3867; x_wconf 84' lang='lat' dir='ltr'>(sed</span> <span class='ocrx_word' id='word_1_266' title='bbox 821 3803 919 3852; x_wconf 75' lang='lat' dir='ltr'>illis</span> <span class='ocrx_word' id='word_1_267' title='bbox 958 3805 1081 3853; x_wconf 84' lang='lat' dir='ltr'>locis</span> <span class='ocrx_word' id='word_1_268' title='bbox 1106 3802 1351 3868; x_wconf 67' lang='lat' dir='ltr'>stipendia</span> <span class='ocrx_word' id='word_1_269' title='bbox 1374 3816 1489 3855; x_wconf 80' lang='lat' dir='ltr'>sunt</span> 
     </span>
     <span class='ocr_line' id='line_1_40' title="bbox 465 3881 1478 3949; baseline 0.005 -22"><span class='ocrx_word' id='word_1_270' title='bbox 465 3881 639 3933; x_wconf 79' lang='lat' dir='ltr'>militia</span> <span class='ocrx_word' id='word_1_271' title='bbox 665 3891 714 3928; x_wconf 88' lang='lat' dir='ltr'>et</span> <span class='ocrx_word' id='word_1_272' title='bbox 739 3883 855 3929; x_wconf 79' lang='lat' dir='ltr'>anni</span> <span class='ocrx_word' id='word_1_273' title='bbox 879 3883 1041 3949; x_wconf 86' lang='lat' dir='ltr'>ejus),</span> <span class='ocrx_word' id='word_1_274' title='bbox 1068 3895 1119 3932; x_wconf 86' lang='lat' dir='ltr'>et</span> <span class='ocrx_word' id='word_1_275' title='bbox 1142 3885 1390 3943; x_wconf 77' lang='lat' dir='ltr'><strong>XXXIV,</strong></span> <span class='ocrx_word' id='word_1_276' title='bbox 1418 3885 1478 3943; x_wconf 82' lang='lat'>5,</span> 
     </span>
     <span class='ocr_line' id='line_1_41' title="bbox 462 3959 1485 4023; baseline 0.004 -15"><span class='ocrx_word' id='word_1_277' title='bbox 462 3978 512 4008; x_wconf 91' lang='lat' dir='ltr'>n.</span> <span class='ocrx_word' id='word_1_278' title='bbox 546 3962 591 4007; x_wconf 86' lang='grc'>3.</span> <span class='ocrx_word' id='word_1_279' title='bbox 621 3959 839 4023; x_wconf 78' lang='lat' dir='ltr'>Origines</span> <span class='ocrx_word' id='word_1_280' title='bbox 859 3961 1079 4019; x_wconf 81' lang='lat' dir='ltr'>Catonis,</span> <span class='ocrx_word' id='word_1_281' title='bbox 1101 3985 1126 4005; x_wconf 66' lang='grc' dir='ltr'>ι»</span> <span class='ocrx_word' id='word_1_282' title='bbox 1146 3964 1276 4011; x_wconf 81' lang='lat' dir='ltr'>nuk.</span> <span class='ocrx_word' id='word_1_283' title='bbox 1303 3964 1485 4012; x_wconf 81' lang='lat' dir='ltr'>Confer</span> 
     </span>
     <span class='ocr_line' id='line_1_42' title="bbox 465 4038 1485 4105; baseline 0.007 -21"><span class='ocrx_word' id='word_1_284' title='bbox 465 4039 527 4088; x_wconf 75' lang='lat' dir='ltr'>ad</span> <span class='ocrx_word' id='word_1_285' title='bbox 546 4041 596 4096; x_wconf 90' lang='lat' dir='ltr'>I,</span> <span class='ocrx_word' id='word_1_286' title='bbox 625 4038 689 4092; x_wconf 80' lang='grc'>34</span> <span class='ocrx_word' id='word_1_287' title='bbox 703 4069 717 4093; x_wconf 93' lang='grc'><strong><em>,</em></strong></span> <span class='ocrx_word' id='word_1_288' title='bbox 742 4052 791 4082; x_wconf 87' lang='lat' dir='ltr'>n.</span> <span class='ocrx_word' id='word_1_289' title='bbox 813 4047 891 4093; x_wconf 79' lang='lat'>14.</span> <span class='ocrx_word' id='word_1_290' title='bbox 915 4067 985 4077; x_wconf 90' lang='lat'>—</span> <span class='ocrx_word' id='word_1_291' title='bbox 1002 4040 1114 4087; x_wconf 79' lang='lat' dir='ltr'>Sine</span> <span class='ocrx_word' id='word_1_292' title='bbox 1133 4042 1344 4105; x_wconf 82' lang='lat' dir='ltr'>imperiis</span> <span class='ocrx_word' id='word_1_293' title='bbox 1361 4043 1485 4091; x_wconf 83' lang='lat' dir='ltr'>mili-</span> 
     </span>
     <span class='ocr_line' id='line_1_43' title="bbox 464 4118 1481 4183; baseline 0.001 -15"><span class='ocrx_word' id='word_1_294' title='bbox 464 4118 675 4174; x_wconf 80' lang='lat' dir='ltr'>taribus,</span> <span class='ocrx_word' id='word_1_295' title='bbox 711 4129 772 4161; x_wconf 81' lang='lat' dir='ltr'>ac</span> <span class='ocrx_word' id='word_1_296' title='bbox 788 4118 1136 4178; x_wconf 77' lang='lat' dir='ltr'>potestatibus,</span> <span class='ocrx_word' id='word_1_297' title='bbox 1178 4120 1387 4183; x_wconf 84' lang='lat' dir='ltr'>imperio</span> <span class='ocrx_word' id='word_1_298' title='bbox 1413 4122 1481 4169; x_wconf 91' lang='lat' dir='ltr'>ci-</span> 
     </span>
    </p>
   </div>
   <div class='ocr_carea' id='block_1_6' title="bbox 1570 2937 2605 4183">
    <p class='ocr_par' dir='ltr' id='par_1_7' title="bbox 1577 2937 2563 3001">
     <span class='ocr_line' id='line_1_44' title="bbox 1577 2937 2563 3001; baseline -0.005 -13"><span class='ocrx_word' id='word_1_299' title='bbox 1577 2939 1746 2997; x_wconf 79' lang='lat' dir='ltr'>duees,</span> <span class='ocrx_word' id='word_1_300' title='bbox 1771 2941 1962 2998; x_wconf 77' lang='lat' dir='ltr'>1cifios3</span> <span class='ocrx_word' id='word_1_301' title='bbox 1983 2939 2097 2985; x_wconf 83' lang='lat' dir='ltr'>vide</span> <span class='ocrx_word' id='word_1_302' title='bbox 2115 2939 2272 3001; x_wconf 86' lang='lat' dir='ltr'>princ.</span> <span class='ocrx_word' id='word_1_303' title='bbox 2291 2937 2437 2996; x_wconf 80' lang='lat' dir='ltr'>hujus</span> <span class='ocrx_word' id='word_1_304' title='bbox 2457 2953 2563 3001; x_wconf 86' lang='lat' dir='ltr'>cap.</span> 
     </span>
    </p>

    <p class='ocr_par' dir='ltr' id='par_1_8' title="bbox 1576 3016 2605 3239">
     <span class='ocr_line' id='line_1_45' title="bbox 1651 3016 2605 3080; baseline -0.002 -13"><span class='ocrx_word' id='word_1_305' title='bbox 1651 3021 1698 3067; x_wconf 82' lang='lat'>8.</span> <span class='ocrx_word' id='word_1_306' title='bbox 1724 3018 1841 3074; x_wconf 82' lang='lat' dir='ltr'>Ubi,</span> <span class='ocrx_word' id='word_1_307' title='bbox 1877 3018 1930 3063; x_wconf 81' lang='lat' dir='ltr'>in</span> <span class='ocrx_word' id='word_1_308' title='bbox 1967 3017 2165 3080; x_wconf 85' lang='lat' dir='ltr'>quibus,</span> <span class='ocrx_word' id='word_1_309' title='bbox 2195 3028 2449 3077; x_wconf 82' lang='lat' dir='ltr'>utrumque</span> <span class='ocrx_word' id='word_1_310' title='bbox 2466 3016 2605 3078; x_wconf 78' lang='lat' dir='ltr'>plebi</span> 
     </span>
     <span class='ocr_line' id='line_1_46' title="bbox 1579 3093 2600 3157; baseline -0.002 -13"><span class='ocrx_word' id='word_1_311' title='bbox 1579 3096 1765 3152; x_wconf 79' lang='lat' dir='ltr'>liceret,</span> <span class='ocrx_word' id='word_1_312' title='bbox 1791 3096 1978 3142; x_wconf 82' lang='lat' dir='ltr'>scilicet</span> <span class='ocrx_word' id='word_1_313' title='bbox 2003 3110 2164 3141; x_wconf 84' lang='lat' dir='ltr'>creare</span> <span class='ocrx_word' id='word_1_314' title='bbox 2182 3094 2260 3141; x_wconf 82' lang='lat' dir='ltr'>vel</span> <span class='ocrx_word' id='word_1_315' title='bbox 2271 3093 2505 3157; x_wconf 83' lang='lat' dir='ltr'>patricios</span> <span class='ocrx_word' id='word_1_316' title='bbox 2521 3094 2600 3142; x_wconf 82' lang='lat' dir='ltr'>vel</span> 
     </span>
     <span class='ocr_line' id='line_1_47' title="bbox 1576 3175 2403 3239; baseline -0.001 -18"><span class='ocrx_word' id='word_1_317' title='bbox 1576 3175 1814 3239; x_wconf 82' lang='lat' dir='ltr'>plebeios.</span> <span class='ocrx_word' id='word_1_318' title='bbox 2400 3224 2403 3229; x_wconf 89' lang='lat'><em>.</em></span> 
     </span>
    </p>

    <p class='ocr_par' dir='ltr' id='par_1_9' title="bbox 1570 3250 2601 4107">
     <span class='ocr_line' id='line_1_48' title="bbox 1648 3250 2598 3301; baseline -0.001 0"><span class='ocrx_word' id='word_1_319' title='bbox 1648 3253 1769 3301; x_wconf 70' lang='lat' dir='ltr'>Cn.</span> <span class='ocrx_word' id='word_1_320' title='bbox 1803 3253 1907 3299; x_wconf 83' lang='lat' dir='ltr'>LV.</span> <span class='ocrx_word' id='word_1_321' title='bbox 1942 3266 1986 3298; x_wconf 90' lang='lat'>1.</span> <span class='ocrx_word' id='word_1_322' title='bbox 2013 3250 2111 3297; x_wconf 81' lang='lat' dir='ltr'>Sed</span> <span class='ocrx_word' id='word_1_323' title='bbox 2127 3250 2265 3298; x_wconf 81' lang='lat' dir='ltr'>nulla</span> <span class='ocrx_word' id='word_1_324' title='bbox 2291 3263 2402 3298; x_wconf 85' lang='lat' dir='ltr'>erat</span> <span class='ocrx_word' id='word_1_325' title='bbox 2428 3268 2598 3300; x_wconf 80' lang='lat' dir='ltr'>eonsu-</span> 
     </span>
     <span class='ocr_line' id='line_1_49' title="bbox 1580 3329 2598 3394; baseline 0.002 -17"><span class='ocrx_word' id='word_1_326' title='bbox 1580 3329 1699 3377; x_wconf 81' lang='lat' dir='ltr'>laris</span> <span class='ocrx_word' id='word_1_327' title='bbox 1733 3329 1895 3386; x_wconf 82' lang='lat' dir='ltr'>actio,</span> <span class='ocrx_word' id='word_1_328' title='bbox 1937 3329 1990 3375; x_wconf 88' lang='lat' dir='ltr'>h.</span> <span class='ocrx_word' id='word_1_329' title='bbox 2027 3345 2070 3376; x_wconf 87' lang='lat' dir='ltr'>e.</span> <span class='ocrx_word' id='word_1_330' title='bbox 2105 3345 2187 3389; x_wconf 86' lang='lat' dir='ltr'>ea,</span> <span class='ocrx_word' id='word_1_331' title='bbox 2232 3345 2327 3394; x_wconf 84' lang='lat' dir='ltr'>qua</span> <span class='ocrx_word' id='word_1_332' title='bbox 2355 3330 2598 3391; x_wconf 86' lang='lat' dir='ltr'>delectus,</span> 
     </span>
     <span class='ocr_line' id='line_1_50' title="bbox 1578 3408 2597 3458; baseline 0 -2"><span class='ocrx_word' id='word_1_333' title='bbox 1578 3408 1760 3456; x_wconf 77' lang='lat' dir='ltr'>bellum</span> <span class='ocrx_word' id='word_1_334' title='bbox 1784 3408 1937 3455; x_wconf 82' lang='lat' dir='ltr'>aliave</span> <span class='ocrx_word' id='word_1_335' title='bbox 1964 3425 1992 3454; x_wconf 85' lang='lat' dir='ltr'>a</span> <span class='ocrx_word' id='word_1_336' title='bbox 2027 3408 2310 3457; x_wconf 79' lang='lat' dir='ltr'>consulibus</span> <span class='ocrx_word' id='word_1_337' title='bbox 2331 3409 2597 3458; x_wconf 85' lang='lat' dir='ltr'>decernun-</span> 
     </span>
     <span class='ocr_line' id='line_1_51' title="bbox 1579 3486 2598 3553; baseline 0 -19"><span class='ocrx_word' id='word_1_338' title='bbox 1579 3494 1660 3534; x_wconf 84' lang='lat' dir='ltr'>tur</span> <span class='ocrx_word' id='word_1_339' title='bbox 1681 3486 1829 3550; x_wconf 86' lang='lat' dir='ltr'>(vide</span> <span class='ocrx_word' id='word_1_340' title='bbox 1845 3487 1909 3534; x_wconf 86' lang='lat' dir='ltr'>ad</span> <span class='ocrx_word' id='word_1_341' title='bbox 1932 3488 2008 3547; x_wconf 89' lang='lat'>11,</span> <span class='ocrx_word' id='word_1_342' title='bbox 2036 3486 2102 3534; x_wconf 81' lang='lat'>56</span> <span class='ocrx_word' id='word_1_343' title='bbox 2118 3523 2132 3546; x_wconf 91' lang='lat'>‚</span> <span class='ocrx_word' id='word_1_344' title='bbox 2157 3504 2208 3534; x_wconf 86' lang='lat' dir='ltr'>n.</span> <span class='ocrx_word' id='word_1_345' title='bbox 2238 3487 2319 3553; x_wconf 74' lang='lat'>4),</span> <span class='ocrx_word' id='word_1_346' title='bbox 2343 3504 2490 3551; x_wconf 86' lang='lat' dir='ltr'>quam</span> <span class='ocrx_word' id='word_1_347' title='bbox 2514 3489 2598 3534; x_wconf 85' lang='lat' dir='ltr'>im-</span> 
     </span>
     <span class='ocr_line' id='line_1_52' title="bbox 1570 3565 2601 3633; baseline 0 -20"><span class='ocrx_word' id='word_1_348' title='bbox 1570 3566 1844 3633; x_wconf 85' lang='lat' dir='ltr'>pediendo,</span> <span class='ocrx_word' id='word_1_349' title='bbox 1872 3582 1967 3630; x_wconf 85' lang='lat' dir='ltr'>qua</span> <span class='ocrx_word' id='word_1_350' title='bbox 1993 3565 2329 3631; x_wconf 72' lang='lat' dir='ltr'>impedienda,</span> <span class='ocrx_word' id='word_1_351' title='bbox 2356 3568 2440 3625; x_wconf 84' lang='lat' dir='ltr'>id,</span> <span class='ocrx_word' id='word_1_352' title='bbox 2465 3567 2601 3631; x_wconf 82' lang='lat' dir='ltr'>quod</span> 
     </span>
     <span class='ocr_line' id='line_1_53' title="bbox 1570 3642 2598 3709; baseline -0.001 -17"><span class='ocrx_word' id='word_1_353' title='bbox 1570 3642 1808 3708; x_wconf 78' lang='lat' dir='ltr'>petebant</span> <span class='ocrx_word' id='word_1_354' title='bbox 1824 3681 1841 3703; x_wconf 93' lang='lat'><strong><em>,</em></strong></span> <span class='ocrx_word' id='word_1_355' title='bbox 1893 3645 2215 3709; x_wconf 80' lang='lat' dir='ltr'>exprimerent</span> <span class='ocrx_word' id='word_1_356' title='bbox 2237 3681 2253 3702; x_wconf 89' lang='lat'>,</span> <span class='ocrx_word' id='word_1_357' title='bbox 2308 3656 2598 3707; x_wconf 81' lang='lat' dir='ltr'>extorquere</span> 
     </span>
     <span class='ocr_line' id='line_1_54' title="bbox 1572 3720 2594 3789; baseline -0.001 -17"><span class='ocrx_word' id='word_1_358' title='bbox 1572 3720 1849 3789; x_wconf 83' lang='lat' dir='ltr'>potuissent</span> <span class='ocrx_word' id='word_1_359' title='bbox 1877 3725 2066 3772; x_wconf 86' lang='lat' dir='ltr'>tribuni</span> <span class='ocrx_word' id='word_1_360' title='bbox 2089 3739 2117 3772; x_wconf 81' lang='lat' dir='ltr'>a</span> <span class='ocrx_word' id='word_1_361' title='bbox 2137 3725 2376 3772; x_wconf 81' lang='lat' dir='ltr'>Patribus.</span> <span class='ocrx_word' id='word_1_362' title='bbox 2400 3750 2470 3759; x_wconf 92' lang='lat'>—-</span> <span class='ocrx_word' id='word_1_363' title='bbox 2500 3724 2594 3771; x_wconf 83' lang='lat' dir='ltr'>Ge-</span> 
     </span>
     <span class='ocr_line' id='line_1_55' title="bbox 1576 3803 2596 3869; baseline -0.001 -19"><span class='ocrx_word' id='word_1_364' title='bbox 1576 3803 1853 3869; x_wconf 82' lang='lat' dir='ltr'>nerosijam</span> <span class='ocrx_word' id='word_1_365' title='bbox 1865 3839 1882 3861; x_wconf 93' lang='lat'><strong><em>,</em></strong></span> <span class='ocrx_word' id='word_1_366' title='bbox 1921 3816 2127 3866; x_wconf 86' lang='lat' dir='ltr'>quorum</span> <span class='ocrx_word' id='word_1_367' title='bbox 2153 3806 2359 3864; x_wconf 81' lang='lat' dir='ltr'>majores</span> <span class='ocrx_word' id='word_1_368' title='bbox 2373 3838 2388 3863; x_wconf 93' lang='lat'>‚</span> <span class='ocrx_word' id='word_1_369' title='bbox 2415 3804 2596 3867; x_wconf 85' lang='lat' dir='ltr'>quique</span> 
     </span>
     <span class='ocr_line' id='line_1_56' title="bbox 1570 3882 2593 3947; baseline 0.001 -18"><span class='ocrx_word' id='word_1_370' title='bbox 1570 3883 1666 3947; x_wconf 86' lang='lat' dir='ltr'>ipsi</span> <span class='ocrx_word' id='word_1_371' title='bbox 1692 3886 1796 3945; x_wconf 79' lang='lat' dir='ltr'>jam</span> <span class='ocrx_word' id='word_1_372' title='bbox 1816 3883 2089 3931; x_wconf 82' lang='lat' dir='ltr'>honoribus</span> <span class='ocrx_word' id='word_1_373' title='bbox 2111 3882 2483 3947; x_wconf 79' lang='lat' dir='ltr'>actionibusque</span> <span class='ocrx_word' id='word_1_374' title='bbox 2506 3883 2593 3930; x_wconf 57' lang='lat' dir='ltr'>tria</span> 
     </span>
     <span class='ocr_line' id='line_1_57' title="bbox 1571 3959 2593 4022; baseline -0.001 -13"><span class='ocrx_word' id='word_1_375' title='bbox 1571 3962 1776 4011; x_wconf 82' lang='lat' dir='ltr'>bunitiis</span> <span class='ocrx_word' id='word_1_376' title='bbox 1800 3962 2151 4022; x_wconf 77' lang='lat' dir='ltr'>inclaruerant3</span> <span class='ocrx_word' id='word_1_377' title='bbox 2174 3973 2230 4010; x_wconf 88' lang='lat' dir='ltr'>ut</span> <span class='ocrx_word' id='word_1_378' title='bbox 2250 3962 2436 4009; x_wconf 81' lang='lat' dir='ltr'>duobus</span> <span class='ocrx_word' id='word_1_379' title='bbox 2456 3959 2593 4009; x_wconf 79' lang='lat' dir='ltr'>nobi-</span> 
     </span>
     <span class='ocr_line' id='line_1_58' title="bbox 1572 4040 2207 4107; baseline -0.003 -17"><span class='ocrx_word' id='word_1_380' title='bbox 1572 4040 1694 4090; x_wconf 83' lang='lat' dir='ltr'>libus</span> <span class='ocrx_word' id='word_1_381' title='bbox 1709 4041 1823 4107; x_wconf 87' lang='lat' dir='ltr'>jam</span> <span class='ocrx_word' id='word_1_382' title='bbox 1839 4042 2016 4100; x_wconf 82' lang='lat' dir='ltr'><strong>XXII,</strong></span> <span class='ocrx_word' id='word_1_383' title='bbox 2050 4041 2114 4089; x_wconf 83' lang='lat'>35</span> <span class='ocrx_word' id='word_1_384' title='bbox 2132 4058 2207 4106; x_wconf 84' lang='lat' dir='ltr'>pr.</span> 
     </span>
    </p>

    <p class='ocr_par' dir='ltr' id='par_1_10' title="bbox 1645 4119 2585 4183">
     <span class='ocr_line' id='line_1_59' title="bbox 1645 4119 2585 4183; baseline -0.002 -14"><span class='ocrx_word' id='word_1_385' title='bbox 1645 4137 1692 4170; x_wconf 78' lang='lat'>2.</span> <span class='ocrx_word' id='word_1_386' title='bbox 1736 4122 1840 4168; x_wconf 84' lang='lat' dir='ltr'>Nee</span> <span class='ocrx_word' id='word_1_387' title='bbox 1885 4121 2124 4167; x_wconf 71' lang='lat' dir='ltr'>delectum</span> <span class='ocrx_word' id='word_1_388' title='bbox 2143 4153 2155 4166; x_wconf 87' lang='lat'><strong>.</strong></span> <span class='ocrx_word' id='word_1_389' title='bbox 2173 4154 2184 4166; x_wconf 92' lang='lat'>.</span> <span class='ocrx_word' id='word_1_390' title='bbox 2204 4153 2216 4165; x_wconf 90' lang='lat'><strong><em>.</em></strong></span> <span class='ocrx_word' id='word_1_391' title='bbox 2239 4119 2585 4183; x_wconf 76' lang='lat' dir='ltr'>expediebant,</span> 
     </span>
    </p>
   </div>
   <div class='ocr_carea' id='block_1_7' title="bbox 2991 3173 2994 3715">
    <p class='ocr_par' dir='ltr' id='par_1_11' title="bbox 2991 3173 2994 3715">
     <span class='ocr_line' id='line_1_60' title="bbox 2991 3173 2994 3715; baseline 0 0"><span class='ocrx_word' id='word_1_392' title='bbox 2991 3173 2994 3715; x_wconf 95' lang='lat' dir='ltr'> </span> 
     </span>
    </p>
   </div>
  </div>
 </body>
</html>
