3000 4717
522 421 571 457 A.
592 416 640 455 C.
670 414 758 464 337.

520 480 573 519 11.
594 478 641 517 C.
668 476 758 522 415.

918 429 1240 500 LIBER
1290 429 1511 497 VIII.
1567 431 1782 497 CAP.
1836 433 1922 496 X.
1980 434 2111 497 XI.
2430 426 2615 512 453.

471 581 613 652 que
649 553 1020 652 publicum
1057 552 1598 647 divinumpure
1637 550 1844 621 faciet
1868 603 1886 637 ,
1920 553 2046 648 qui
2076 559 2228 623 sese
2268 554 2574 628 devove-

469 667 579 736 rit.
602 665 926 736 Vulcano
966 687 1191 750 arma,
1237 664 1381 732 sive
1421 661 1538 730 cui
1579 660 1696 730 alii
1733 659 1931 750 divo,
1968 684 2231 733 vovere
2255 661 2315 706 ¹3
2343 666 2573 755 volet,

470 777 615 846 sive
644 776 908 863 hostia,
947 776 1093 844 sive
1126 798 1277 869 quo
1310 773 1449 843 alio
1483 772 1706 860 volet,
1732 774 1850 867 jus
1885 785 2009 842 est.
2040 772 2210 842 Telo
2234 776 2321 860 ¹4,
2361 800 2575 874 super

470 884 671 980 quod
720 898 911 953 stans
966 883 1219 954 consul
1263 897 1608 978 precatus³
1649 896 1791 970 est,
1839 881 2124 952 hostem
2174 884 2428 979 potiri,
2474 885 2574 956 fas

472 1017 622 1062 non
668 1008 775 1063 est
811 1020 825 1060 ε
875 994 932 1063 si
976 993 1581 1091 potiatur‚.Marti
1623 991 2218 1063 suovetaurilibus
2237 988 2301 1034 ¹⁵
2329 994 2576 1088 piacu-

470 1104 622 1176 lum
657 1103 834 1175 fieri.
1878 1110 1885 1116 ’

567 1223 683 1288 XI.
730 1223 894 1289 Haec
937 1218 1110 1315 (etsi
1150 1219 1383 1288 omnis
1420 1217 1645 1287 divini
1686 1217 2130 1313 humanique
2169 1220 2390 1289 moris
2423 1245 2576 1289 me-

470 1329 696 1398 moria
735 1327 1044 1400 abolevit
1066 1341 1117 1418 ¹,
1158 1353 1345 1398 nova
1381 1329 1904 1426 peregrinaque
1939 1330 2179 1399 omnia
2214 1330 2461 1426 priscis
2497 1355 2577 1401 ac

471 1441 716 1534 patriis
742 1440 1262 1537 praeferendo),
1297 1438 1490 1509 haud
1525 1439 1615 1509 ab
1651 1463 1731 1509 re
1765 1438 1978 1526 duxi,
2014 1439 2252 1509 verbis
2283 1465 2578 1538 quoque

470 1548 669 1644 ipsiS,
700 1566 781 1621 ut
804 1551 1058 1622 tradita
1082 1563 1640 1647 nuncupataque
1666 1564 1865 1638 sunt,
1890 1548 2181 1620 referre.
2208 1552 2576 1637 RomaniS‚
2656 1617 2659 1620 ,

471 1673 635 1752 post
670 1661 994 1754 praelium
1031 1662 1323 1738 demum
1366 1659 1631 1730 factum
1653 1715 1672 1749 ,
1712 1662 2061 1732 Samnites
2092 1664 2371 1733 venisse
2409 1662 2576 1733 sub·

471 1765 688 1854 sidio,
734 1784 1146 1867 exspectato
1187 1784 1450 1841 eventu
1490 1793 1785 1867 pugnae,
1824 1768 2017 1867 apud
2059 1771 2409 1866 quosdam
2453 1798 2577 1843 au·

471 1890 703 1947 ctores
735 1880 1366 1961 invenio.-Latinis
1402 1904 1697 1976 quoque
1738 1879 1827 1949 ab
1868 1883 2163 1950 Lavinio
2200 1883 2579 1970 auxilium,

472 1985 646 2055 dum
685 1985 1149 2058 deliberando
1191 2004 1437 2059 terunt
1477 2005 1794 2087 tempu5‚
1833 1992 2034 2060 victis
2076 1989 2367 2060 demum
2412 1991 2580 2062 ferri

471 2110 832 2192 coeptum3
879 2113 988 2186 et,
1018 2123 1245 2195 quum
1276 2100 1422 2194 jam
1467 2101 1696 2196 portis
1747 2102 1978 2197 prima
2024 2101 2256 2197 signa,
2305 2117 2375 2172 et
2400 2128 2580 2200 »pars

473 2209 770 2304 agminis
802 2225 985 2281 esset
1017 2233 1330 2307 egressa,
1369 2213 1631 2281 nuntio
1669 2210 1889 2281 allato
1921 2210 2010 2281 de
2049 2211 2248 2281 clade
2287 2214 2581 2283 Latino-

471 2343 632 2387 rum
654 2373 672 2404 ,
719 2345 945 2415 quum
985 2322 1364 2392 conversis.
1385 2323 1603 2419 signis-
1639 2336 1835 2391 retro
1858 2332 1888 2366 ²
1916 2323 1989 2391 in
2022 2320 2280 2391 urbem
2314 2322 2580 2394 redire-

473 2439 623 2511 tur,
672 2444 1053 2523 praetorem
1093 2432 1692 2501 eorummomine
1729 2431 2135 2501 Milionium
2176 2431 2436 2503 dixisse
2479 2431 2582 2502 fe-

472 2529 644 2601 runt
662 2588 680 2621 ,
707 2561 852 2630 pro
882 2537 1201 2631 paulula
1242 2548 1382 2609 via·
1401 2563 1750 2635 magnam
1795 2540 2191 2611 mercedem
2237 2545 2582 2612 Romanis

462 2754 711 2817 publicum
745 2752 953 2800 divinum
968 2788 983 2809 ,
1029 2752 1318 2801 sacrificium
1333 2789 1347 2812 ,
1382 2771 1483 2802 rem
1572 2772 1649 2812 re,
1680 2772 1766 2803 seu
1786 2758 1883 2803 alio
1900 2759 2063 2818 aliquo
2083 2758 2179 2804 ritu
2203 2775 2364 2817 sacro,
2386 2761 2470 2823 qui
2486 2761 2589 2825 ipsi

474 2832 704 2882 divinam.
733 2834 806 2882 cf.
828 2832 891 2879 ad
916 2834 989 2891 11,
1027 2848 1070 2890 1,
1093 2848 1146 2878 n.
1176 2833 1225 2878 3.

549 2912 626 2960 13.
658 2914 880 2960 Vulcano
906 2923 1049 2957 arma
1080 2925 1288 2958 vovere:
1320 2910 1381 2957 al.
1403 2910 1484 2956 de·

475 3008 650 3039 vovere.
682 3014 706 3034 α
728 2997 837 3041 Hoc
873 3007 1013 3054 paene
1054 2989 1226 3037 melius
1241 3025 1254 3046 ‚
1285 3000 1389 3036 tum
1420 2988 1485 3035 ob

474 3071 767 3133 euphoniam
782 3107 796 3130 ‚
835 3087 978 3134 quam
1015 3082 1176 3117 tamen
1211 3069 1264 3115 in
1299 3085 1349 3114 re
1389 3067 1486 3115 tain

474 3149 589 3195 exili
613 3150 746 3196 haud
765 3164 963 3211 urgeam
976 3185 989 3207 ,
1010 3161 1113 3197 tum
1134 3149 1250 3211 quia
1266 3147 1326 3194 de
1347 3147 1485 3193 devo-

475 3225 605 3272 tione
628 3227 821 3290 ufique,
847 3243 932 3273 seu
954 3228 1167 3273 hominis
1181 3262 1195 3284 ‚
1224 3231 1308 3273 seu
1330 3241 1486 3272 armo·

474 3319 606 3361 rum,
627 3319 786 3351 sermo
810 3293 910 3362 est}
937 3319 1045 3367 quae
1071 3316 1229 3351 tamen
1243 3311 1262 3363 ,'
1284 3305 1368 3350 vix
1387 3289 1486 3361 est;

475 3383 594 3444 quin
625 3382 795 3429 voveri
827 3383 1005 3429 rectius
1022 3418 1035 3441 ‚
1070 3395 1214 3445 quam
1244 3382 1484 3439 devoveri,

475 3460 713 3508 dieantur.
754 3462 903 3507 Arma
937 3460 1108 3506 devota
1140 3472 1324 3517 essent,
1353 3477 1488 3508 exse·-

476 3539 658 3587 crando
670 3575 683 3599 ,
700 3540 813 3586 loco
826 3539 977 3602 ipsius
990 3539 1218 3597 hominis,
1230 3539 1488 3587 abolitioni

478 3617 618 3664 data.·
649 3621 828 3665 Vovere
867 3627 1025 3663 tamen
1060 3617 1130 3662 rei
1172 3617 1346 3663 futurae
1385 3627 1488 3676 est,

476 3711 628 3758 quum
658 3696 709 3742 h.
737 3696 771 3742 l.
797 3695 859 3741 de
889 3695 1119 3758 praesenti
1144 3705 1324 3759 agatur.
1364 3697 1486 3742 Mox

472 3772 528 3820 in
554 3775 690 3821 volet
710 3773 864 3821 intell.
895 3774 1073 3831 facere,
1098 3773 1200 3819 scil.
1220 3789 1350 3820 sacra
1373 3773 1490 3838 (cur

474 3866 581 3898 non
607 3852 863 3897 devovere?
881 3850 899 3914 )
914 3886 927 3909 ,
960 3862 1008 3898 et
1040 3862 1229 3915 praese
1251 3851 1333 3898 alii
1359 3862 1457 3898 esto
1465 3885 1483 3909 ‚

478 3929 613 3992 quod
638 3929 846 3992 placeret
861 3963 876 3986 ‚
901 3930 943 3976 si
969 3945 1071 3977 non
1097 3929 1223 3977 Livii
1250 3928 1487 3986 narratio,

477 4009 565 4056 sed
604 4007 828 4055 carminis
859 4008 1012 4071 ipsius
1047 4008 1266 4055 recitatio
1308 4007 1490 4054 directa

478 4087 631 4146 foret3
648 4108 674 4128 n
692 4088 860 4133 Bauer.
872 4114 942 4123 --
954 4086 1060 4134 Sive
1076 4085 1262 4141 hostia,
1284 4085 1378 4131 sive
1396 4101 1492 4147 quo

1572 2835 1757 2898 plaeet3
1782 2835 2041 2884 strothius.

1602 2933 1607 2940 ·
1651 2919 1728 2964 14.
1760 2913 1900 2968 Telo,
1945 2915 2089 2975 super
2120 2913 2262 2975 ,quod
2288 2925 2452 2970 stam,
2491 2915 2601 2963 etc-f

1576 2991 1719 3036 conf.'
1731 3006 1836 3052 cap.
1863 3005 1913 3050 9.

1653 3068 1730 3114 15.
1759 3068 1917 3115 Marti
1932 3067 2326 3115 suovetaurilibus
2333 3069 2588 3132 piaculum

1559 3143 1709 3211 fieri,
1741 3147 1871 3193 conf.
1899 3146 1960 3192 ad
1986 3148 2035 3204 1,
2064 3153 2155 3204 44,
2182 3162 2230 3193 ιι.
2256 3148 2304 3195 3.

1646 3224 1765 3271 ΟΑΡ.
1790 3227 1883 3270 XI.
1905 3241 1946 3270 1.
1977 3225 2128 3270 Moris
2151 3224 2378 3288 (veteris,
2408 3226 2587 3290 prisci)

1576 3303 1811 3350 memoria
1834 3302 2062 3357 abolevit,
2092 3304 2154 3349 cf.
2180 3303 2243 3349 ad
2265 3307 2314 3362 1,
2348 3307 2440 3363 23,
2466 3323 2517 3353 n.
2546 3323 2588 3354 1.

1579 3382 1814 3428 Memoria
1834 3389 1995 3428 autem‘
2006 3381 2196 3443 ¹aliquid
2211 3383 2492 3444 proximum
2506 3400 2590 3431 cu-

1577 3476 1642 3507 rae
1653 3495 1666 3516 ‚
1685 3469 1731 3508 et
1748 3461 1957 3523 speciem
1978 3460 2233 3523 quamdam
2250 3460 2592 3508 sollicitudinis

1580 3538 1807 3597 denotat,
1840 3551 1895 3586 ut
1922 3541 2012 3598 IV,
2041 3553 2101 3585 21
2119 3572 2132 3596 ‚
2168 3554 2219 3587 n.
2243 3554 2299 3596 2,
2332 3539 2445 3586 belli
2469 3539 2589 3604 infi-

1577 3618 1718 3665 rendi
1741 3618 1997 3674 memoria,
2030 3617 2267 3681 cupiditas
2290 3627 2337 3663 et
2363 3620 2592 3681 proposi-

1578 3706 1706 3753 tum,
1734 3697 1959 3752 XXVII,
1981 3697 2028 3742 3.
2051 3695 2324 3742 Tarentina·
2342 3695 2469 3741 areis
2488 3695 2591 3761 (re-

1578 3774 1845 3837 cipiendae)
1869 3774 2131 3830 memoria,
2164 3790 2275 3821 cura
2290 3776 2375 3832 ‚⁸et
2399 3774 2463 3821 ad
2490 3792 2593 3823 eam

1578 3851 1905 3914 recipiendam
1933 3851 2166 3910 intentio;
2191 3854 2238 3900 J.
2263 3853 2417 3899 Gron.
2474 3859 2479 3864 ⁴

1650 3945 1697 3976 2.
1723 3929 1965 3976 Conversis
1986 3930 2132 3994 signis
2156 3941 2285 3976 retro
2298 3964 2314 3986 ,
2345 3942 2438 3979 etez
2460 3937 2596 3981 cons.

1581 4007 1642 4058 ad
1669 4010 1744 4065 ΙΙ,
1775 4008 1858 4064 45,
1883 4024 1934 4055 n.
1957 4024 2040 4064 10,
2064 4020 2111 4056 et
2131 4011 2230 4068 111,
2256 4009 2347 4068 54,
2373 4025 2423 4058 n.
2455 4014 2502 4061 5.
2527 4041 2597 4050 —-

1583 4088 1845 4132 Praetorem
1869 4101 2035 4133 eorum
2061 4086 2333 4135 Milionium
2346 4125 2363 4147 ‚
2393 4092 2508 4140 vide
2536 4093 2595 4140 ad

481 4166 607 4224 alio,
634 4151 714 4212 vel
733 4164 891 4214 hostia
912 4180 1030 4213 caesa
1049 4199 1062 4225 ‚
1086 4164 1165 4212 vel
1182 4164 1274 4213 alia
1291 4163 1498 4226 quadam
1586 4165 1688 4224 lx,
1723 4166 1887 4225 16,.n.
1909 4180 1990 4211 ιο.
