3000 4717
437 390 563 489 3151
588 389 811 503 {33:33ss
872 410 1063 477 LIB.
1119 411 1286 478 vn.
1350 411 1572 478 CAP.
1635 413 1839 478 XVI.
1902 414 2085 482 XVI
2102 416 2156 480 1.
2355 411 2496 507 369

387 530 666 617 liceret,
708 528 877 601 ferri
918 553 1151 627 posse.
1200 528 1474 601 Eodem
1519 556 1711 604 anno
1742 534 1820 600 C.
1860 532 2172 603 Licinius
2212 535 2411 605 Stolo
2456 559 2498 604 a

385 645 483 711 M.
533 640 836 738 Popillio
856 636 860 640 ’
879 646 1163 712 Loenate
1200 664 1327 714 sua
1359 640 1516 737 lege
1560 641 1812 713 decem
1848 640 2168 713 millibus
2205 646 2359 715 aeris
2392 659 2525 715 est-

386 747 836 839 damnatus⁶‚
870 749 1073 846 quod
1101 749 1293 820 mille
1326 751 1659 847 jugerum
1699 751 1846 849 agri
1883 775 2048 826 cum
2083 751 2235 822 filio
2270 757 2501 849 possi-

387 856 622 947 deret,
669 857 1332 955 emancipandoque
1360 859 1589 931 filium
1616 859 1942 932 fraudem
1979 860 2118 956 legi
2154 860 2457 934 fecisset.

482 973 709 1040 XVII.
754 971 938 1044 Novi
975 969 1302 1040 consules
1330 970 1499 1042 inde
1521 1024 1541 1058 ,
1571 975 1664 1040 M.
1696 969 1955 1059 Fabius
1980 970 2375 1043 Ambustus
2403 955 2503 1044 sess

388 1078 709 1149 cundum
756 1093 827 1150 et
855 1083 964 1148 M.
1011 1079 1352 1177 Popillius
1387 1086 1637 1152 Laenas
1670 1082 2102 1169 secundum,
2136 1082 2283 1156 duo
2313 1081 2503 1153 bella

389 1186 729 1260 habuere.
773 1189 1000 1260 Facile
1022 1189 1327 1268 alterum
1357 1215 1523 1262 cum
1543 1189 1963 1262 Tiburtibus
1984 1246 2004 1281 ,
2035 1192 2237 1287 quod
2259 1197 2503 1264 Laenas

388 1300 637 1394 gessit3
672 1300 835 1396 qui,
869 1299 1077 1370 hoste
1110 1302 1187 1370 in
1219 1299 1472 1371 urbem
1504 1302 1913 1397 compuISO,
1950 1326 2160 1399 agros
2183 1303 2503 1373 vastavit.

391 1409 641 1481 Falisci
667 1412 1359 1507 Tarquiniensesque
1382 1409 1688 1482 alterum
1717 1413 2087 1483 consulem
2113 1414 2341 1509 prima
2368 1439 2505 1510 pu-

287 1575 293 1580 .
391 1543 534 1615 gna
552 1531 572 1561 ¹
595 1519 974 1609 fuderunt3
1003 1520 1173 1592 inde
1204 1535 1440 1591 terror
1466 1523 1819 1593 maximus
1848 1520 2015 1613 fuit,
2054 1522 2255 1618 quod
2276 1548 2506 1595 sacer-

462 1728 510 1773 6.
531 1727 716 1775 Eodem
740 1745 870 1775 anno
901 1728 951 1776 C.
978 1728 1186 1775 Licinius
1207 1728 1338 1775 Stolo
1365 1744 1399 1775 a

394 1807 464 1852 M.
487 1805 693 1869 Popillio
716 1810 916 1854 Loenate
932 1823 1023 1854 sua
1050 1806 1151 1871 lege
1173 1805 1406 1872 (vid.vl‚·

395 1884 461 1932 35
470 1882 489 1948 )
507 1883 670 1932 decem
685 1885 890 1933 millibus
909 1886 1100 1933 oerisest
1112 1885 1397 1942 damnatus,

390 1963 611 2030 hoc‘est,
635 1965 847 2030 Popillio
868 1975 1146 2023 accusante,
1172 1981 1198 2011 a
1218 1965 1404 2029 populo

389 2042 644 2091 damnatus
673 2054 759 2090 est.
787 2046 873 2092 Est
897 2044 1097 2091 verbum
1122 2059 1402 2107 praegnans,

389 2122 526 2183 quod
541 2123 796 2170 notionem
813 2121 1009 2170 alterius
1023 2121 1161 2169 verbi
1173 2122 1406 2169 inclusam

392 2199 566 2259 habet,
603 2213 659 2249 ut
690 2218 796 2266 cap.
831 2188 888 2261 ι’]
929 2210 1052 2249 extr.
1086 2200 1182 2247 duo
1203 2200 1410 2264 patricii

391 2280 607 2327 consules
625 2282 941 2337 creabantur,
964 2280 1061 2328 hoc
1084 2290 1181 2337 est,
1209 2279 1407 2326 creandi

393 2358 710 2420 rogabantur3
747 2376 858 2406 nam
884 2376 911 2406 a
933 2359 1148 2407 secundo
1166 2358 1405 2422 interrege

396 2437 551 2497 rogati
566 2473 580 2495 ‚
602 2448 680 2494 et,
705 2433 916 2486 comitiis
933 2437 1094 2485 dilatis
1108 2470 1123 2497 ,
1143 2437 1207 2485 ab
1228 2448 1405 2485 octavo

396 2512 592 2559 demum
631 2516 779 2562 creati
822 2526 961 2574 sunt3
1004 2515 1187 2563 Stroth.
1223 2516 1407 2563 Similia

397 2592 577 2654 passim
601 2584 745 2638 obvia
761 2626 775 2649 ,
799 2593 927 2655 inpr.
965 2593 1201 2639 damnare
1224 2603 1273 2640 et
1294 2609 1406 2639 eon-

396 2670 627 2718 demnare
659 2669 720 2716 de
745 2680 1046 2727 accusatore,
1091 2670 1186 2732 qui‘
1213 2686 1408 2717 accusa-

397 2749 533 2796 tione
559 2765 644 2796 sua
662 2746 813 2796 efficit
827 2782 841 2805 ,
866 2758 922 2795 ut
940 2747 1114 2809 aliquis
1138 2746 1406 2795 damnetur.

396 2828 579 2875 Confer
615 2828 680 2875 ad
714 2829 933 2885 XXXV,
963 2841 1052 2882 10,
1092 2841 1141 2871 ιι.
1174 2825 1230 2883 5;
1264 2836 1313 2872 et
1344 2825 1409 2872 ad

396 2907 619 2955 Juvenal.
638 2909 739 2964 111,
770 2922 789 2951 1
806 2906 893 2965 163
911 2914 959 2952 et
980 2903 1043 2951 ad
1056 2904 1313 2952 Tac.Ann.
1326 2904 1376 2948 11
1393 2934 1408 2961 ,

400 2986 489 3042 85,
511 3003 562 3033 ιι.
592 2987 651 3044 3;
679 2986 828 3033 Drak.
851 2984 914 3031 sd
936 2983 988 3032 h.
1014 2982 1048 3029 l.
1072 2985 1147 3030 Ita
1174 2992 1224 3029 et
1241 2996 1408 3028 creare

398 3064 731 3127 magistratum
745 3064 943 3121 dicitur,
954 3062 1041 3126 qui
1054 3060 1248 3108 comitia
1261 3058 1410 3107 habet

399 3151 447 3187 et
461 3143 658 3189 nomina
680 3141 1048 3190 candidatorum
1070 3139 1244 3203 recipit
1265 3137 1409 3204 (vide

399 3219 466 3266 ad·
484 3220 584 3277 IX,
616 3221 707 3278 46,
736 3236 787 3268 n.
817 3219 902 3284 5),
932 3219 1012 3266 vel
1037 3218 1289 3281 rogatione
1322 3233 1407 3263 sua

399 3295 573 3354 efficit,
601 3308 656 3345 ut
671 3297 752 3345 hic
771 3298 847 3344 vel
863 3297 944 3344 ille
966 3298 1019 3343 in
1039 3296 1271 3352 comitiis,
1298 3305 1408 3358 quae

397 3375 545 3424 habet
559 3409 574 3432 ,
600 3386 788 3424 creetur
806 3392 833 3421 a
854 3375 1066 3438 popu10,
1087 3391 1135 3421 v.
1158 3390 1203 3419 c.
1231 3372 1410 3419 tribuni

398 3453 608 3518 collegas
633 3452 724 3500 sibi
748 3464 972 3499 crearunt
993 3454 1069 3509 II,
1113 3453 1205 3509 333
1243 3451 1413 3497 consul

399 3532 578 3579 creavit
604 3531 817 3578 eonsules
842 3532 1010 3586 XXV,
1037 3537 1128 3587 413
1155 3530 1406 3585 XXVIII,

404 3625 494 3669 103
541 3611 772 3667 XXXII,
823 3624 913 3667 273
965 3608 1271 3664 XXXVIII,
1314 3607 1403 3666 353

397 3688 649 3744 XXXIX,
688 3688 749 3745 63
782 3688 948 3744 XLII,
982 3702 1030 3748 9.
1064 3686 1308 3749 Collegam
1330 3683 1406 3731 di-

398 3765 477 3813 xit
502 3767 630 3823 VII,
661 3773 756 3823 245
792 3775 841 3813 et
867 3765 1145 3819 XXXVII,
1188 3770 1251 3822 47
1283 3773 1406 3811 extr.

398 3843 538 3904 (vide
575 3843 641 3892 ad
663 3845 787 3902 VII,
816 3851 907 3901 24,
943 3854 1048 3891 not.
1077 3841 1163 3906 6.)
1188 3843 1410 3888 Senatus-

397 3924 666 3971 consultum
672 3921 802 3987 fecit
824 3922 995 3970 consul
1015 3933 1064 3969 et
1083 3931 1289 3985 praetor,
1313 3920 1411 3967 hoe

398 4014 496 4061 est,
529 4002 734 4066 perfecit
749 4034 763 4059 ,
801 4012 857 4052 ut
886 4002 941 4048 in
966 4017 1098 4048 suam
1124 3999 1412 4047 sententiam

400 4092 449 4129 et
489 4080 758 4129 secundm
791 4080 1073 4128 relationem
1111 4095 1246 4126 suam
1272 4076 1414 4126 fieret

401 4159 465 4216 V,
492 4160 585 4234 so,
610 4177 661 4209 n.
697 4176 744 4218 ις
775 4171 826 4208 et
846 4161 1014 4217 XLII,
1037 4174 1095 4221 9,
1120 4174 1170 4206 n.
1193 4166 1241 4214 4.
1265 4159 1412 4220 Leges

643 4250 743 4315 II.

1486 1729 1696 1793 abrogat
1715 1730 1888 1777 bellum
1912 1741 1961 1778 et
1970 1747 2085 1794 pax
2102 1732 2346 1789 XXXIV,
2371 1733 2403 1779 6
2415 1766 2430 1787 ,
2452 1749 2503 1779 n.

1492 1807 1520 1853 3
1542 1823 1557 1865 3
1576 1822 1669 1870 pro
1693 1822 1707 1854 ε
1730 1806 1909 1866 efficit,
1934 1819 1987 1856 ut
2020 1809 2339 1873 abrogentur;
2359 1826 2511 1874 pecu-

1490 1884 1577 1932 nia
1609 1885 1856 1934 muletavit
1880 1899 2130 1935 matronas
2153 1889 2226 1947 X,
2257 1890 2316 1937 31
2338 1922 2352 1947 ,
2376 1906 2426 1937 n.
2443 1906 2475 1951 9
2492 1922 2507 1949 ,

1495 1980 1589 2027 pro
1618 1980 1631 2013 :
1660 1966 1969 2013 accusatione
1993 1966 2155 2014 effecit
2172 2000 2187 2022 ,
2209 1977 2263 2014 ut
2285 1982 2311 2012 a
2327 1966 2510 2027 judici-

1491 2041 1586 2090 bus
1619 2043 1982 2091 mulctarentur.
2029 2046 2210 2093 Confer
2232 2045 2295 2091 ad
2318 2047 2383 2103 V,
2411 2046 2477 2107 39
2494 2079 2508 2104 ,

1491 2138 1543 2169 n.
1569 2124 1596 2169 3
1614 2139 1628 2180 3
1648 2133 1697 2169 et
1718 2124 1966 2181 XXXIV,
1986 2124 2045 2180 6,
2063 2139 2112 2170 n.
2144 2135 2223 2170 ιο.
2243 2150 2312 2157 —
2331 2124 2510 2170 Eman-

1491 2198 1657 2263 eipare
1671 2212 1894 2265 parentes
1913 2200 2141 2248 dicuntur
2156 2201 2337 2248 liberos
2348 2235 2362 2259 ‚
2385 2216 2509 2263 quos

1492 2294 1520 2324 e
1538 2279 1693 2342 patria
1710 2279 1939 2328 emittunt
1956 2289 2196 2342 potestate
2208 2312 2222 2336 ‚
2245 2289 2302 2326 ut
2326 2291 2409 2326 aut
2433 2279 2512 2325 sui

1493 2357 1722 2419 sintjuris
1734 2392 1748 2416 ,
1761 2356 1916 2408 autab
1935 2357 2032 2405 alio
2050 2357 2345 2421 adoptentur
2360 2374 2375 2416 ;
2392 2357 2508 2405 vide

1490 2438 1684 2486 Ernesti
1697 2437 1819 2486 clav.
1835 2437 1940 2485 cic.
1949 2463 2017 2473 -—
2027 2438 2067 2484 E
2080 2453 2225 2486 manu
2240 2435 2508 2484 emittendo

1492 2532 1581 2578 per
1599 2516 1927 2579 imaginariam
1944 2514 2279 2563 venditionem
2292 2527 2366 2563 ter
2378 2530 2512 2579 repe-

1493 2594 1647 2640 titam.
1667 2596 1793 2657 Lege
1812 2594 1940 2641 enim
1954 2593 2150 2642 Romuli
2169 2604 2363 2641 cautum
2380 2604 2504 2651 erat,

1494 2686 1550 2716 ac
1571 2669 1747 2718 deinde
1780 2672 1834 2718 in
1866 2673 1971 2720 XII
1996 2671 2095 2718 tab.
2122 2670 2184 2718 ab
2206 2673 2507 2720 Decemviris

1495 2748 1697 2794 relatum
1711 2779 1726 2804 ,
1752 2759 1806 2794 ut
1818 2781 1833 2805 ‚
1852 2749 1893 2796 si
1910 2760 2048 2811 pater
2064 2747 2220 2795 filium
2239 2759 2335 2807 ter,
2360 2749 2509 2797 filiam

1494 2834 1544 2871 et
1556 2835 1757 2872 caeteros
1767 2824 1949 2871 liberos
1959 2859 1974 2883 ,
1992 2826 2029 2872 i.
2041 2842 2083 2872 e.
2099 2837 2303 2889 nepotes
2314 2819 2509 2890 neptes-

1494 2917 1556 2948 ve
1568 2918 1595 2948 e
1608 2899 1713 2948 filio
1723 2935 1738 2959 ‚
1754 2902 1903 2949 semel
1915 2901 2218 2950 vendidisset
2228 2937 2241 2960 ,
2255 2905 2514 2951 manumis-

1495 2980 1539 3026 si
1554 2990 1724 3043 postea
1741 2980 1803 3027 ab
1822 2990 2062 3043 emptore,
2083 2980 2293 3039 suijuris
2312 2980 2508 3040 flerent,

1492 3057 1576 3105 ille
1620 3056 1746 3104 trina
1796 3057 2173 3108 manumissione
2193 3091 2207 3115 ‚
2253 3057 2307 3105 hi
2350 3059 2509 3108 unica.

1494 3136 1578 3185 Ad
1621 3137 1759 3195 cujus
1800 3136 2202 3199 emancipationis
2249 3136 2511 3201 imaginem

1492 3225 1665 3277 postea
1688 3214 1988 3271 institutum,
2011 3224 2095 3271 ut,
2122 3214 2199 3262 his
2215 3216 2440 3263 simulato
2460 3228 2510 3264 et

1495 3292 1619 3342 dicis
1655 3305 1794 3339 causa
1821 3291 2028 3355 peractis
2059 3292 2426 3342 venditionibus
2461 3305 2512 3341 et

1493 3370 1980 3428 manumissionibus,
2024 3370 2169 3417 liberi
2209 3387 2234 3418 e
2271 3381 2513 3434 potestate

1493 3449 1646 3512 patris
1691 3449 1895 3496 exirent.
1943 3450 2053 3495 Hoc
2094 3459 2255 3498 autem
2294 3448 2509 3498 Stolonis

1495 3539 1823 3576 commentum
1854 3542 1956 3576 nou
1990 3525 2281 3574 abhorrebat
2305 3543 2332 3573 a
2363 3528 2511 3587 juris·

1496 3607 1792 3669 prudentum
1819 3604 2010 3668 placitis
2023 3640 2038 3664 ,
2059 3615 2114 3652 ut
2134 3605 2358 3653 observat
2377 3607 2513 3653 Dou-

1487 3684 1660 3743 jatius3
1681 3683 1768 3731 sed
1792 3683 1906 3730 ideo
1930 3683 2062 3730 nulla
2082 3683 2212 3729 illius
2238 3684 2510 3747 emancipa-

1494 3762 1645 3810 tionis
1679 3761 1844 3808 habita
1882 3761 2006 3807 ratio
2052 3771 2147 3817 est,
2187 3761 2300 3822 quia
2328 3778 2432 3807 eam
2457 3763 2510 3809 in

1495 3840 1711 3887 fraudem
1736 3839 1857 3901 legis
1877 3839 2053 3885 factam
2078 3839 2353 3901 apparebat.
2384 3843 2474 3888 En.

1568 3919 1686 3967 Cu.
1709 3918 1876 3964 XVII.
1904 3931 1946 3963 1.
1961 3916 2129 3964 Prima
2138 3932 2340 3981 pugna,
2363 3919 2507 3970 initio

1495 4012 1689 4062 pugnae.
1704 3996 1795 4043 En.
1808 4021 1878 4030 —
1891 3994 2173 4041 Sacerdotes
2190 4011 2354 4044 eorum
2363 4032 2379 4056 ,
2386 3996 2520 4063 faei-

1499 4076 1584 4123 bus
1610 4075 1888 4123 ardentibus
1914 4073 2244 4139 anguibusque
2258 4077 2508 4140 proelacis,

1500 4155 1681 4203 incessu
1708 4153 1893 4218 fitriali
1932 4152 2131 4200 militem
2169 4170 2288 4201 rom.
2330 4155 2517 4202 insueta

2095 4242 2186 4323 24
