3000 4717
2331 367 2380 406 A»
2408 363 2456 403 C.
2486 365 2577 417 337.

519 385 658 468 442
1361 386 1438 452 T·
1505 386 1786 454 LIVII
1876 475 1881 480 ,
2329 424 2384 464 n.
2408 425 2455 463 c.
2483 427 2576 471 ω.

517 516 923 598 conquestu
984 518 1246 575 coortae
1304 529 1516 576 voces
1567 519 1768 593 sunt,
1824 519 1910 576 ut
1960 530 2201 603 neque
2255 505 2588 578 lamentis
2606 560 2627 596 ‚

511 636 753 708 neque
799 613 1411 688 exsecrationibus
1456 630 1913 713 parceretur3
1957 616 2347 715 spoliisque
2377 631 2626 690 conte-

514 735 711 794 ctum
721 725 1009 821 juvenis
1021 748 1287 822 corpus
1297 780 1316 813 ‚
1332 740 1687 823 quantum
1700 726 2127 799 militaribus
2146 727 2398 799 studiis
2412 726 2629 800 funus

515 835 748 908 ullum
784 833 1273 907 concelebrari
1309 850 1584 933 potest,
1621 851 1897 910 structo
1934 852 2134 909 extra
2158 836 2418 908 vallum
2449 862 2628 935 rogo

514 949 994 1031 cremaretur3
1027 945 1534 1042 Manlianaque
1570 948 1869 1043 imperia
1888 960 1913 1003 ⁷
1955 973 2103 1018 non
2141 949 2216 1018 in
2250 949 2635 1044 praesentia

514 1058 734 1128 modo
765 1053 1127 1126 horrenda
1150 1108 1169 1141 ‚
1219 1055 1348 1126 sed
1396 1056 1710 1154 exempli
1743 1059 1956 1128 etiam
1997 1059 2218 1129 tristis
2257 1059 2335 1127 in
2381 1073 2627 1155 poste·

512 1190 679 1236 rum
712 1178 973 1237 essent.

606 1282 792 1348 VIII.
843 1275 1037 1348 Fecit
1087 1288 1327 1344 tamen
1380 1277 1711 1348 atrocitas
1766 1301 1996 1374 poenae
2050 1275 2624 1349 obedientiorem

510 1387 1050 1458 duci-militem:
1082 1397 1189 1472 et,
1226 1398 1704 1481 praeterquam
1738 1384 1942 1481 quod
1974 1385 2314 1458 custodiae
2339 1386 2624 1482 vigiliae..

509 1521 655 1595 que
685 1511 758 1569 et
788 1496 969 1568 ordo
1005 1496 1399 1566 stationum
1429 1495 1840 1566 intentioris
1866 1494 2138 1591 ubique
2168 1519 2359 1566 curae
2389 1511 2626 1584 erant,

506 1609 583 1678 in
610 1608 867 1678 ultimo
896 1606 1109 1676 etiam
1135 1605 1558 1692 certamine,
1589 1629 1818 1701 quum
1849 1605 2274 1676 descensum
2302 1607 2377 1675 in
2400 1607 2625 1678 aciem

506 1732 651 1803 est,
697 1741 782 1787 ea
836 1716 1169 1787 severitas
1220 1712 1518 1812 profuit.
1575 1717 1734 1786 Fuit
1788 1730 2031 1788 autem
2080 1716 2271 1786 civili
2318 1717 2625 1788 maxime

503 1827 699 1900 bello
714 1850 959 1925 pugna
974 1825 1219 1897 similis
1236 1853 1255 1912 3
1286 1826 1466 1897 adeo
1493 1824 1672 1898 nihil
1697 1826 1892 1923 apud
1905 1827 2193 1897 Latinos
2210 1837 2231 1868 ¹
2257 1825 2626 1902 dissonum

506 1938 599 2010 ab
652 1962 949 2010 romana
995 1962 1111 2024 re,
1162 1952 1421 2034 praeter
1471 1937 1752 2008 animos
1772 1992 1793 2025 ‚
1850 1952 2023 2008 erat.
2081 1936 2371 2033 Clypeis
2420 1951 2626 2006 antea

505 2051 814 2120 Romani
845 2050 956 2119 usi
983 2062 1188 2118 sunt:
1226 2045 1523 2134 deinde,
1561 2061 1948 2144 postquam
1985 2046 2427 2144 stipendiarii
2462 2044 2627 2118 facti

508 2176 675 2232 sunt
695 2216 714 2248 ‚
751 2176 951 2233 scuta
996 2185 1131 2256 pro
1187 2159 1456 2256 clypeis
1493 2156 1727 2230 fecere
1762 2185 1778 2227 :
1820 2173 1927 2247 et,
1972 2158 2174 2255 quod
2209 2173 2416 2228 antea
2451 2157 2628 2254 pha-

505 2270 752 2368 langes
787 2270 1053 2341 similes
1096 2267 1612 2356 macedonicis,
1657 2269 1795 2339 hoc
1839 2284 2088 2366 postea
2128 2267 2627 2363 manipulatim

506 2470 637 2518 tione
659 2467 847 2525 animo,
890 2477 1148 2531 postquam
1182 2465 1369 2512 animus
1392 2475 1520 2512 atto-

504 2547 637 2595 nitus
658 2546 721 2592 ad
738 2562 789 2593 se
808 2544 1030 2592 redierat.
1055 2544 1234 2593 Confer
1252 2542 1313 2591 ad
1326 2542 1402 2601 11,
1423 2560 1490 2605 29
1505 2579 1519 2602 ‚

1683 2483 1729 2526 7.
1763 2468 2026 2516 Manliana
2054 2468 2253 2533 imperia
2282 2467 2400 2515 hine
2430 2468 2485 2515 in
2509 2484 2626 2532 pro·

1608 2545 1829 2593 verhium
1852 2547 2076 2596 abierunt
2089 2584 2102 2605 ‚
2122 2564 2223 2595 non
2241 2562 2357 2594 vero
2376 2546 2628 2610 Imperiosi

505 2641 556 2672 n.
591 2641 638 2684 7.
671 2626 795 2688 Quae
813 2623 960 2672 verba
986 2639 1090 2671 non
1109 2622 1357 2687 jungenda
1384 2639 1518 2687 seqq.

505 2721 655 2769 quum
674 2704 864 2752 silentio
885 2703 1043 2773 defixi
1055 2702 1292 2751 stetissent
1308 2702 1391 2770 (de
1416 2703 1522 2766 qui·

504 2784 598 2832 bus
624 2784 737 2832 vide
771 2784 834 2831 ad
863 2786 971 2844 111,
1008 2791 1091 2843 47,
1119 2799 1169 2829 n.
1196 2782 1282 2844 9),
1305 2782 1392 2829 sed
1419 2793 1520 2828 tum

506 2863 653 2911 libero
686 2874 976 2926 conquestu,
1016 2873 1110 2910 etc.
1146 2860 1365 2924 adeoque
1404 2870 1520 2924 post

505 2944 744 2992 stetissent
770 2957 875 2990 non
905 2941 1171 2990 semicolon
1205 2939 1519 3003 ponendum3

505 3022 689 3071 Stroth.
708 3049 778 3058 —-
799 3024 917 3069 naec
947 3020 1041 3070 sibi
1065 3036 1167 3068 non
1193 3019 1318 3066 bene
1347 3034 1523 3066 eonve-

504 3103 676 3159 niunt;
702 3110 833 3148 stant
859 3099 988 3147 enim
1012 3097 1162 3147 defixi
1187 3097 1409 3156 silentio,
1436 3097 1523 3160 qui

502 3180 826 3238 admirantur,
855 3193 958 3225 non
984 3192 1194 3240 quorum
1219 3191 1423 3223 emersus
1451 3186 1524 3222 est

502 3257 565 3305 ab
585 3256 911 3304 admiratione
931 3255 1146 3313 animus,
1165 3255 1221 3302 id
1242 3266 1315 3302 est
1329 3287 1343 3313 ,
1370 3270 1397 3301 e
1415 3243 1516 3302 stu-

501 3352 649 3402 pore,
673 3335 761 3399 qui
783 3334 944 3399 primo
976 3344 1283 3398 oppresserat
1297 3366 1311 3391 ,
1342 3348 1516 3398 exper-

504 3416 735 3481 gefaetus.
790 3414 1100 3478 suspicamur
1146 3413 1366 3462 luxatum
1413 3428 1516 3459 esse

503 3495 671 3560 potius
691 3495 858 3541 locum
869 3527 887 3551 ,
913 3508 1058 3555 quam
1084 3502 1367 3555 corruptum
1383 3525 1398 3548 ,
1424 3491 1518 3538 sie-

504 3591 601 3639 que
617 3572 782 3622 omnin
797 3573 853 3619 in
872 3570 1095 3620 ordinem
1112 3569 1328 3617 revocari
1347 3584 1518 3634 posse:

502 3656 681 3716 Itaque
702 3667 850 3715 quum
872 3648 1059 3697 silentio
1083 3648 1238 3716 defixi
1258 3648 1515 3706 stetissent,

503 3742 723 3795 repente,
745 3741 1010 3793 postquam
1034 3727 1212 3776 cervice
1237 3744 1364 3775 coesa
1373 3726 1520 3792 fusus

505 3822 577 3858 est
590 3826 750 3867 cruor,
770 3809 906 3858 velut
924 3823 1103 3856 emerso
1118 3809 1181 3856 ab
1195 3806 1523 3856 admiratione

506 3888 671 3936 animo
685 3922 703 3945 ‚
730 3901 855 3946 tam,
894 3888 1006 3952 sive·
1022 3887 1187 3951 potius
1215 3898 1343 3943 tam,
1372 3886 1518 3934 libero

457 3989 460 3992 ·
503 3977 763 4026 conquestu
778 3978 957 4015 coortoe
970 3982 1115 4013 ‘voces
1133 3976 1245 4016 sunt
1254 4000 1270 4021 ,
1299 3976 1354 4014 ut
1366 3981 1520 4028 neque

504 4042 723 4089 lamentis
736 4076 753 4098 ,
792 4061 948 4109 neque
977 4045 1381 4093 exsecrationibus
1396 4060 1520 4108 par-

506 4129 705 4165 ceretur.
729 4121 819 4166 En.

1607 2639 1882 2688 cognomen
1912 2626 2029 2674 inde
2060 2626 2252 2675 Manlio
2283 2626 2510 2673 inditum.
2547 2621 2622 2673 of.

1606 2702 1669 2752 ad
1686 2706 1778 2762 IV,
1801 2720 1894 2766 29,
1918 2722 1969 2758 n.
1994 2707 2043 2764 3,
2068 2706 2152 2753 uhi
2171 2705 2335 2754 simile
2349 2704 2623 2769 exemplum

1606 2795 1820 2845 paternae
1855 2784 2124 2831 severitatis
2163 2796 2473 2831 memoratur.
2513 2785 2622 2829 Hoc

1607 2862 1792 2910 editum
1828 2862 1976 2910 fuisse
2010 2862 2064 2910 in
2102 2862 2234 2910 hello
2268 2862 2441 2925 gallico
2476 2860 2624 2909 tradit

1607 2942 1973 3006 Dionys.V111,
2004 2957 2087 3003 79.

1678 3021 1942 3080 Car-VIR.
1968 3034 2012 3065 1.
2037 3020 2178 3066 Adeo
2196 3019 2322 3067 nihil
2336 3020 2475 3083 apud
2489 3019 2623 3065 Laci-

1609 3114 1696 3146 nos
1714 3097 1985 3155 dissonum,
2017 3098 2130 3148 vide
2150 3098 2214 3146 ad
2230 3098 2368 3145 Praef.
2392 3114 2442 3145 n.
2466 3097 2622 3144 15.—

1612 3175 1794 3238 ngpeis
1835 3188 1983 3223 antea
2019 3177 2230 3224 Romani
2267 3175 2343 3224 usi
2373 3187 2486 3223 sunt
2519 3175 2622 3239 ple-

1609 3270 1812 3317 rumque
1828 3285 1841 3310 ,
1863 3254 2061 3312 deinde,
2083 3243 2345 3319 postqudm
2367 3253 2624 3318 stipendia-

1604 3332 1668 3380 rii
1674 3332 1813 3398 [ἐκεῖ
1836 3345 1976 3391 sunt,
2005 3345 2144 3380 scuta
2167 3332 2383 3397 ingentia
2407 3348 2500 3396 pro
2526 3318 2621 3393 elr-

1595 3411 1878 3476 peis-secere
1900 3412 2042 3478 (vide
2062 3412 2124 3460 ad
2146 3415 2194 3470 1,
2225 3413 2308 3470 43,
2332 3429 2383 3470 n.
2406 3420 2433 3465 4
2448 3445 2463 3467 ,
2490 3423 2538 3458 et
2556 3412 2619 3468 V,

1612 3506 1702 3549 10,
1716 3507 1766 3540 n.
1786 3487 2298 3556 5)..-Se1·pendiarius
2317 3490 2464 3553 vulgo
2486 3501 2558 3537 est
2579 3488 2621 3535 is

1607 3571 1690 3633 qui
1713 3569 2010 3636 stipendium
2036 3570 2183 3617 solvit
2204 3585 2217 3616 :
2245 3568 2326 3615 hic
2352 3580 2522 3616 contra
2542 3585 2620 3615 su-

1607 3649 1755 3697 mitur
1777 3664 1869 3715 pro
1893 3664 1952 3695 eo
1980 3648 2066 3711 qui
2090 3648 2388 3713 stipendium
2415 3648 2619 3712 accipit:

1607 3740 1868 3794 postquam
1894 3727 2137 3791 stipendia
2165 3727 2226 3774 de
2260 3727 2463 3791 publico
2497 3728 2622 3774 acei-

1607 3823 1723 3870 pere
1744 3822 1950 3871 coepere.
1970 3808 2141 3854 En.-—
2154 3807 2221 3852 Et
2245 3804 2591 3854 aciesromana
2606 3840 2621 3863 ‚

1608 3902 1716 3950 quae
1741 3897 1914 3942 antea,
1937 3902 1966 3934 a
1989 3885 2142 3934 Servii
2161 3884 2277 3934 inde
2294 3885 2620 3949 temporibus,

1606 3981 1704 4012 nna
1748 3953 1980 4014 continua
2024 3975 2072 4011 et
2112 3962 2356 4027 profunda
2399 3965 2502 4011 acie
2517 3999 2532 4022 ,
2568 3974 2622 4011 ut

1598 4042 1835 4106 phalanx
1870 4042 2185 4092 macedonica
2199 4077 2215 4098 ,
2253 4043 2490 4091 instructa
2522 4053 2625 4090 erat

1609 4118 1771 4184 (conf.
1794 4126 1895 4184 IX,
1935 4121 2059 4190 19),
2074 4133 2275 4186 postea,
2306 4122 2432 4170 forte
2453 4121 2572 4169 inde
2594 4138 2625 4170 a
