3000 4717
482 301 720 401 3:213:
767 309 965 387 ΜΒ.
1020 321 1153 387 1v.
1207 319 1427 389 cAP.
1482 320 1947 389 xxxvm.
2002 322 2366 393 xxxlx.
2450 340 2535 419 77

419 466 584 512 rum
610 442 1005 540 plurimum
1022 438 1049 485 3
1080 439 1406 512 laborem
1430 440 1681 511 vident
1714 468 1730 508 :
1768 442 2171 513 restituitur
2200 442 2540 515 omnibus

418 552 596 624 locis
635 577 918 650 pugna,
944 553 1023 622 in
1065 576 1226 649 quae
1267 576 1390 623 eos
1431 553 1746 649 impetus
1790 549 1998 639 tulit3
2053 574 2187 622 nec
2234 550 2540 623 dubium

419 677 573 734 erat
595 719 613 753 ,
648 664 828 760 quin
857 718 875 752 ,
910 663 969 733 si
1003 678 1149 734 tam
1189 663 1402 760 pauci
1446 660 1661 733 simul
1687 660 1890 734 obire
1925 663 2168 738 omnia
2207 679 2539 759 possent,

417 786 617 870 terga
642 774 878 845 daturi
906 774 1148 846 hostes
1185 771 1477 846 fuerint.

512 889 836 954 XXXIX.
891 889 980 954 Et
1013 908 1242 982 quum
1282 883 1430 978 jam
1467 889 1672 980 parte
1715 883 1918 954 nulla
1971 884 2498 954 sustinerentur
2519 939 2538 972 ,

415 990 537 1062 dat
557 1004 581 1035 1
617 995 901 1091 signum
954 995 1236 1066 volscus
1290 995 1685 1091 imperator
1702 1048 1720 1082 ,
1763 1008 1844 1064 ut
1898 995 2238 1091 parmatis
2258 1049 2278 1083 ,
2329 1018 2536 1064 novae

414 1104 695 1176 cohorti
738 1105 1054 1178 hostium
1076 1161 1096 1195 ,
1127 1106 1330 1178 locus
1365 1105 1611 1192 detur,
1657 1103 1890 1175 donec
1923 1106 2206 1202 impetu
2232 1103 2409 1174 illati
2452 1100 2542 1173 ab

414 1217 559 1286 suis
586 1215 1061 1287 excludantur
1092 1243 1107 1286 ε
1136 1214 1336 1313 quod
1360 1213 1488 1286 ubi
1510 1228 1618 1286 est
1637 1212 1905 1285 factum
1919 1268 1938 1302 ,
1953 1213 2322 1284 interclusi
2350 1214 2544 1308 equi·

409 1332 521 1392 tes
550 1348 567 1389 ε
599 1346 735 1392 nec
766 1336 1283 1421 perrumpere²
1313 1323 1566 1394 eadem
1585 1376 1602 1410 ,
1633 1346 1777 1419 qua
1810 1324 2269 1410 transierant,
2298 1346 2540 1419 posse,

410 1428 513 1500 ibi
545 1433 854 1505 maxime
895 1432 1237 1506 confertis
1269 1430 1635 1520 hostibuS,
1669 1456 1816 1529 qua
1851 1431 2039 1503 viam
2075 1431 2393 1503 fecerant
2423 1459 2438 1501 ε
2470 1445 2541 1502 et

411 1543 667 1612 consul
720 1542 1188 1640 legionesque
1238 1567 1558 1611 romanae
1578 1596 1598 1630 ,
1646 1566 1878 1638 quum
1898 1597 1917 1630 ,
1957 1541 2159 1639 quod
2199 1556 2541 1639 tegumen

409 1651 631 1722 modo
670 1654 905 1722 omnis
942 1650 1298 1721 exercitus
1329 1645 1563 1719 fuerat
1588 1705 1607 1739 ,
1639 1676 1999 1747 nusquam
2041 1651 2373 1723 viderent
2393 1706 2413 1739 ,
2447 1676 2540 1721 ne

407 1774 520 1831 tot
572 1759 996 1832 fortissimos
1055 1761 1243 1829 viros
1306 1757 1735 1829 interclusos
1780 1758 2224 1854 opprimeret
2277 1756 2538 1849 hostis,

409 1870 723 1942 tendunt
762 1873 839 1941 in
890 1892 1426 1967 quemcumque
1463 1892 1748 1938 casum.·
1770 1868 2055 1938 Diversi
2086 1866 2332 1941 Volsci
2366 1867 2539 1941 hinc

406 1982 780 2053 consulem
826 2005 907 2051 ac
943 1979 1262 2076 legiones
1305 1979 1659 2049 sustinere
1683 2031 1703 2065 ,
1727 1975 1948 2047 altera
1992 1975 2231 2048 fronte
2272 1973 2541 2050 instar'e

404 2091 800 2189 Tempanio
830 2102 1048 2187 atque
1079 2088 1482 2187 equitibus:
1511 2089 1640 2186 qui
1669 2087 1900 2184 quu'm
1927 2111 2111 2184 saepe
2145 2090 2384 2159 conati
2413 2114 2539 2161 ne-

404 2201 730 2296 quissent
751 2223 1223 2298 perrumpere
1243 2198 1333 2270 ad
1349 2223 1518 2270 suos
1537 2253 1557 2287 ,
1578 2197 1863 2270 tumulo
1887 2212 2242 2296 occupato
2260 2253 2279 2286 ,
2301 2194 2410 2267 in3
2430 2224 2542 2269 or-

403 2307 574 2380 bem
601 2334 674 2380 se
696 2307 1120 2381 tutabantur
1143 2364 1162 2398 ,
1186 2333 1649 2405 nequaquam
1673 2307 1885 2379 inulti
1910 2335 1925 2376 :
1946 2333 2081 2380 nec
2100 2332 2359 2406 pugnae
2374 2307 2539 2381 finis

407 2433 576 2490 ante
609 2435 902 2491 noctem
936 2419 1095 2515 fuit.
1150 2419 1424 2493 Consul
1469 2446 1801 2518 quoque,
1839 2445 2201 2518 nusquam
2240 2423 2537 2494 remisso

407 2529 798 2598 certamine
821 2582 842 2615 ,
885 2529 1061 2599 dum
1111 2530 1517 2627 quidquam
1580 2530 1935 2628 superfuit
1986 2531 2165 2603 lucis
2190 2587 2210 2622 ,
2252 2531 2537 2604 hostem

403 2638 643 2709 tenuit
677 2664 693 2706 ε
739 2662 889 2708 nox
930 2640 1245 2709 incertos
1286 2638 1615 2728 diremit3
1657 2654 2044 2736 tantusque
2079 2641 2170 2713 ab
2191 2646 2222 2694 4
2260 2644 2537 2740 impru-

407 2745 653 2822 dentia
693 2761 996 2819 eventus
1040 2761 1352 2843 utraque
1394 2762 1620 2820 castra
1668 2751 1906 2820 tenuit
1958 2773 2179 2846 pavor
2203 2804 2223 2838 ,
2260 2764 2378 2839 ut,
2419 2776 2538 2822 re—

475 2948 523 2997 3.
558 2947 824 2995 Plurimum
864 2948 1079 2994 laborem
1092 2981 1108 3004 ,
1138 2945 1422 2994 acerrimum
1515 2956 1614 2992 tum
1635 2944 1821 3009 longius
1841 2945 2018 2993 extulit
2042 2961 2206 2992 cursus
2221 2981 2234 2992 .
2256 2979 2267 2991 .
2285 2979 2297 2991 .
2321 2981 2334 2993 .
2362 2946 2435 2993 ita
2454 2961 2536 2990 ea·-

404 3038 670 3085 eertamen,
690 3038 745 3076 ut
764 3027 909 3087 πόνος
928 3041 979 3078 et
997 3026 1200 3096 μόχθος,
1223 3024 1302 3073 vel
1320 3024 1430 3089 plu·
1514 3026 1698 3081 elusus,
1722 3034 1814 3071 etc.

403 3105 580 3152 timum
601 3105 807 3168 periculi
828 3117 912 3155 aut
937 3106 1106 3155 cladis.
1138 3104 1350 3152 Labores
1376 3115 1426 3151 et
1585 3120 1633 3151 τι.
1648 3105 1964 3167 Per-rumpere
1975 3102 2147 3150 eadem
2163 3101 2266 3163 via,
2283 3120 2369 3152 seu
2380 3115 2533 3169 parte.

396 3184 618 3245 pericula
631 3185 905 3247 junguntur
926 3186 1018 3243 IV,
1043 3185 1135 3242 353
1165 3183 1335 3242 XXV,
1362 3183 1424 3242 6;
1515 3183 1697 3231 Confer
1714 3182 1778 3230 ad
1799 3184 1905 3242 111,
1934 3197 2025 3242 70,
2053 3198 2105 3231 ιι.
2133 3197 2182 3230 2.

405 3259 664 3321 XXXIII,
685 3263 920 3324 39.—Sic
940 3263 1128 3310 labores
1148 3262 1418 3326 Hesper-122,
1586 3255 1632 3302 3.
1655 3255 1717 3301 In
1741 3255 1904 3302 orbem
1919 3270 1970 3301 se
1992 3252 2301 3311 tutabantur,
2327 3254 2428 3301 vid.
2451 3255 2502 3300 11
2518 3289 2532 3313 ,

405 3338 578 3398 smus,
601 3342 651 3398 1,
682 3342 736 3400 33
759 3343 913 3389 nos'tr.
933 3341 1050 3389 edit.
1070 3359 1122 3406 p.
1146 3343 1193 3390 3.
1215 3345 1304 3392 En.
1513 3332 1578 3381 50
1593 3367 1608 3391 2
1630 3349 1681 3380 Β·
1703 3334 1755 3382 6·
1770 3334 2177 3397 *Nequaquam
2197 3332 2370 3388 inulta
2396 3331 2538 3379 multi

473 3399 598 3466 cn.
624 3418 872 3470 XXXIX.
908 3436 950 3467 1.
980 3422 1085 3468 Dat
1105 3421 1293 3485 signum
1316 3421 1423 3468 vol·
1508 3411 1694 3460 habent
1712 3413 1879 3461 Lovel.
1901 3413 1950 3470 3,
1973 3423 2022 3460 et
2040 3410 2261 3477 quaedasn
2279 3425 2341 3457 ex
2358 3408 2532 3472 priscis

402 3505 511 3536 scus
528 3489 807 3552 imperator,
829 3489 1086 3553 imperavit
1103 3505 1225 3538 voce
1237 3525 1251 3549 ,
1270 3501 1327 3538 ut
1343 3492 1419 3549 11,
1512 3491 1704 3540 excusis
1717 3525 1731 3550 ,
1760 3491 1907 3539 solito
1933 3507 2114 3539 errore.
2134 3491 2225 3537 En.
2242 3513 2312 3523 --
2333 3487 2532 3533 Hostem

402 3584 471 3631 ²9
487 3604 502 3628 ,
528 3579 577 3616 et
602 3569 759 3625 XXI,
791 3574 853 3621 14
870 3602 884 3625 ,
910 3584 962 3614 n.
989 3569 1015 3616 3
1035 3585 1050 3625 ;
1073 3567 1152 3615 vel
1177 3568 1420 3632 vulgavit,
1511 3570 1664 3617 tenuit
1688 3570 1955 3633 pugnando
1971 3604 1985 3628 ,
2010 3584 2121 3615 cum
2145 3582 2206 3614 eo
2224 3565 2478 3629 pugnavit.

400 3646 646 3710 prodidit,
668 3645 822 3703 dixit,
843 3656 900 3692 ut
922 3645 987 3702 V,
1009 3646 1101 3704 36,
1126 3662 1177 3692 n.
1203 3662 1248 3705 13
1265 3648 1419 3706 XXI,
1580 3655 1629 3703 4.
1645 3648 1724 3695 Ab
1740 3646 2062 3711 imprudentia
2077 3654 2294 3698 eventus,
2317 3641 2383 3689 ob
2397 3642 2532 3706 iguo-

405 3733 494 3786 14,
518 3742 546 3773 2
581 3726 643 3773 al.
681 3725 859 3789 impetu
891 3721 1021 3770 illati
1042 3723 1097 3769 in
1120 3724 1308 3772 medios
1331 3724 1420 3773 ho-
1506 3726 1712 3774 rantiam
1738 3735 1939 3773 eventus
1960 3721 2133 3787 praelii.
2157 3721 2237 3768 Sic
2258 3720 2530 3785 imprudens

401 3813 498 3850 stes
509 3839 524 3862 ‚
541 3804 789 3867 utrimque
808 3801 1059 3861 cedentes3
1076 3802 1173 3849 nisi
1192 3819 1302 3850 cum
1322 3804 1420 3851 Du·
1509 3805 1692 3852 dicitur
1708 3803 1920 3866 ignarus,
1939 3800 2024 3863 qui
2036 3800 2244 3863 ignorat,
2257 3798 2391 3863 quod
2405 3802 2528 3849 scire

397 3882 518 3931 kero
536 3883 694 3946 legere
714 3882 851 3929 malis
869 3881 1047 3945 impetu
1067 3881 1208 3939 elati,
1227 3880 1421 3947 longius
1509 3881 1705 3944 nequit,
1726 3897 1774 3927 v.
1802 3895 1847 3927 c.
1873 3878 2116 3945 religionis
2132 3879 2311 3926 XXXI
2325 3913 2339 3938 ,
2369 3887 2455 3940 14;
2479 3891 2528 3927 et

398 3962 669 4026 progressi,
689 3977 834 4027 quam
851 3971 906 4008 ut
925 3959 990 4006 ad
1005 3976 1121 4007 suos
1140 3960 1355 4025 recipere
1373 3977 1422 4008 se
1510 3959 1659 4006 maris
1678 3959 1925 4018 XXXIV,
1947 3974 2006 4021 9,
2023 3958 2077 4006 h.
2100 3974 2141 4006 e.
2162 3957 2358 4022 ignarus
2379 3969 2426 4005 et
2446 3974 2525 4004 ex-

394 4052 622 4105 possent,
640 4051 696 4088 ut
716 4056 862 4105 supra
885 4039 986 4096 111,
1010 4038 1057 4087 5.
1076 4038 1275 4087 Furium
1295 4038 1426 4104 lega-
1511 4054 1623 4102 pers
1646 4040 1718 4087 rei
1742 4036 1940 4087 navalis.
