3000 4717
2161 393 2215 431 A.
2235 390 2284 432 (ἒ.
2310 392 2535 439 hae—418·

468 419 560 502 84
1285 416 1363 482 Τ.
1429 411 1708 483 LIVII
1768 477 1781 485 .
2159 452 2536 500 11.c.332-334.

466 540 557 611 'ad
584 538 658 610 id
687 552 971 635 tempus
1003 537 1280 633 patricii
1312 536 1530 606 creati
1561 546 1797 622 erant,
1827 556 1916 602 ex
1949 530 2161 629 plebe
2190 532 2415 604 fieret.
2451 533 2592 604 Ad-

464 674 711 722 versus
754 671 974 745 quam
1021 647 1377 716 actionem
1424 646 1662 742 primo
1717 658 1790 714 et
1833 641 2200 729 consules,
2236 657 2307 713 et
2349 648 2590 714 Patres

469 783 744 831 summa
764 782 904 855 ope
926 754 1153 826 adnisi
1179 769 1382 826 sunt:
1408 751 1877 824 concedendo
1898 752 2189 841 deinde,
2213 767 2327 840 ut,
2350 777 2594 849 quem-

469 868 856 938 admodum
892 867 970 935 in
1004 864 1311 935 tribunis
1340 862 1698 933 consulari
1734 876 2088 959 potestate
2125 863 2450 934 creandis
2482 865 2595 934 usi

469 993 670 1067 sunt,
705 977 1000 1074 adaeque
1038 977 1114 1044 in
1151 972 1631 1072 quaestoribus
1657 970 1967 1043 liberum
2002 987 2185 1044 esset
2217 971 2594 1053 arbitrium

469 1088 764 1186 populi,
799 1111 1029 1183 quum
1071 1110 1326 1182 parum
1370 1082 1840 1190 proficerent,
1880 1097 2107 1153 totam
2143 1108 2295 1154 rem
2334 1083 2425 1154 de
2466 1109 2594 1154 au-

471 1196 709 1294 gendo
733 1209 1174 1293 quaestorum
1201 1218 1507 1264 numero
1534 1194 1902 1262 omittunt.
1935 1194 2321 1290 Excipiunt
2337 1197 2368 1245 4
2388 1196 2597 1265 omis-

472 1333 620 1379 sam
666 1305 979 1394 tribuni,
1016 1306 1314 1404 aliaeque
1360 1303 1707 1391 subinde,
1745 1305 1934 1374 inter
1970 1330 2149 1402 quas
2196 1321 2266 1376 et
2314 1307 2597 1402 agraria:

472 1417 683 1514 legiS,
717 1415 1065 1486 seditiosae
1098 1416 1413 1486 actiones
1452 1415 1804 1486 exsistunt
1819 1440 1845 1482 ,ε
1882 1428 2182 1512 propter
2218 1441 2403 1512 quos
2443 1439 2597 1484 mo-

471 1541 625 1612 tus,
670 1550 895 1620 quum
938 1540 1227 1595 senatus
1261 1524 1592 1596 consules
1609 1522 1665 1614 5,
1705 1547 1922 1620 quam
1958 1523 2329 1619 tribunos,
2376 1528 2601 1596 creari

473 1637 753 1724 mallet,
778 1659 1017 1729 neque
1041 1617 1291 1730 'posset
1319 1660 1448 1732 per
1473 1637 2019 1707 intercessiones
2049 1633 2456 1707 tribunitias
2488 1661 2599 1707 se—

475 1744 1100 1817 natusconsultum
1141 1743 1340 1832 fieri,
1377 1746 1784 1841 respublica
1827 1772 1865 1816 a
1906 1747 2326 1818 consulibus
2365 1747 2452 1816 ad
2496 1749 2603 1817 in-

476 1871 890 1951 terregnum
915 1908 932 1938 ‚
967 1879 1225 1950 neque⁴
1244 1853 1318 1924 id
1350 1855 1625 1951 ipsum,
1660 1881 1828 1925 nam
1865 1854 2104 1927 coire6
2129 1859 2465 1955 patricios
2491 1857 2608 1926 tri-

475 1966 659 2037 buni
682 1961 1202 2061 prohibebant,
1228 1965 1380 2033 sine
1400 1964 1790 2033 certamine
1808 1964 2117 2060 ingenti,
2137 1966 2344 2038 redit.
2363 1972 2607 2060 Quum

478 2100 641 2173 pars
676 2076 907 2170 major
938 2074 1384 2171 insequentis
1420 2075 1593 2143 anni
1627 2098 1759 2170 per
1793 2099 2020 2145 novos
2050 2074 2380 2148 tribunos
2409 2074 2610 2175 plebi

479 2201 552 2258 et
571 2185 850 2282 aliquot
867 2187 1260 2282 interreges
1285 2180 1797 2253 certaminibus
1821 2197 2134 2254 extracta
2153 2200 2365 2273 esset,
2386 2185 2611 2256 modo

481 2295 1037 2393 prohibentibus
1073 2294 1383 2366 tribunis
1423 2294 1759 2389 patricios
1793 2296 1987 2365 coire
2025 2294 2119 2364 ad
2152 2295 2616 2392 prodendum

478 2408 948 2501 interregem,
981 2402 1204 2472 modo
1231 2404 1667 2498 interregem
1697 2403 2355 2501 interpellantibus,
2386 2430 2481 2477 ne
2514 2430 2616 2479 se-

480 2511 1109 2583 natusconsultum
1136 2510 1227 2582 de
1255 2512 1561 2581 comitiis
1591 2513 2093 2586 consularibus
2122 2513 2423 2605 faceret3
2456 2541 2615 2614 pos-

483 2637 717 2694 tremo
737 2626 817 2692 L.
843 2621 1161 2717 Papirius
1182 2621 1651 2717 MugillanuS,
1675 2623 2005 2719 proditus
2030 2626 2382 2713 interreX,
2412 2628 2612 2697 casti-

472 2808 637 2877 fieret.
657 2836 724 2845 —-
744 2810 874 2856 Mox
893 2808 1041 2855 verba
1063 2807 1138 2854 usi
1154 2819 1267 2855 sunt
1283 2823 1508 2870 superva-

488 2904 633 2935 canea
646 2922 659 2946 ,
674 2899 722 2935 et
740 2888 991 2935 Livianam
1009 2887 1294 2950 elegantiam
1311 2902 1413 2933 non
1432 2902 1508 2933 re-

488 2968 705 3016 dolentia
723 2968 951 3017 videntur
968 2968 1214 3015 Creverio.
1243 2968 1334 3013 En.

557 3055 604 3101 4.
626 3047 894 3111 Excipiunt
908 3046 1202 3111 (suscipiunt
1212 3079 1225 3102 ‚
1241 3040 1512 3110 aaeffassen)

491 3140 597 3171 rem
625 3125 880 3183 omissam,
905 3138 960 3172 ut
985 3141 1184 3171 causam
1204 3123 1514 3178 XXXVIII,

493 3204 558 3257 43
582 3219 597 3261 3
632 3203 902 3249 orationem
924 3202 1130 3266 alicujus
1152 3202 1359 3246 XXXII
1375 3234 1389 3257 ‚
1421 3200 1484 3245 33
1497 3232 1512 3257 ,

1596 2801 1812 2850 dendum
1839 2802 2154 2870 interregem3
2184 2816 2241 2853 ut
2277 2821 2398 2853 mox
2420 2805 2611 2869 plenius

1598 2884 1792 2931 dicitur.
1808 2913 1873 2921 —
1888 2885 2234 2933 certaminibus
2256 2896 2483 2933 extracta
2491 2901 2614 2949 pars

1599 2962 1761 3027 major
1771 2964 1914 3020 anni,
1938 2976 2226 3028 consumpta
2234 2999 2248 3025 ,
2266 2977 2321 3013 ut
2331 2967 2484 3013 XXII
2495 2967 2510 3024 ,‘
2527 2980 2547 3010 1
2558 2963 2587 3011 5
2599 2998 2615 3022 ,

1608 3042 1697 3100 183
1720 3043 1949 3100 XXVII,
1973 3043 2039 3089 26
2059 3044 2186 3106 inpr.
2210 3045 2421 3108 segniter
2446 3056 2493 3092 et
2511 3044 2617 3090 sine

1604 3120 1807 3177 effectu,
1834 3131 1889 3167 ut
1906 3122 1982 3178 X,
2012 3136 2102 3182 29,
2124 3138 2173 3168 ιι.
2197 3124 2257 3181 8;
2281 3126 2488 3182 XXIII,
2518 3130 2579 3182 47
2600 3157 2617 3181 ,

1601 3214 1650 3244 n.
1686 3214 1706 3244 1
1728 3216 1742 3258 3
1768 3200 2003 3257 XXXII,
2031 3215 2093 3261 93
2116 3202 2343 3248 XXXVI
2360 3237 2374 3260 ,
2401 3218 2443 3249 1.
2470 3201 2617 3249 Conf.

490 3277 541 3327 h.
575 3295 668 3336 103
701 3281 955 3343 praelium,
982 3296 1067 3326 seu
1081 3294 1304 3342 pugnam
1324 3279 1511 3333 XXX,

498 3376 520 3406 1
532 3361 560 3407 8
575 3376 588 3419 ;
607 3359 890 3405 XXXVIII
907 3393 921 3417 ,
945 3374 1008 3404 22
1035 3357 1256 3421 (integris
1273 3356 1512 3403 militibus

493 3437 784 3486 subsidiisve
809 3437 863 3484 in
883 3438 1047 3484 locum
1070 3436 1373 3500 repulsorum
1403 3451 1514 3482 suc-

393 3557 397 3562 .
497 3515 818 3581 cedentibus)
855 3528 903 3564 et
928 3532 1080 3564 mox:
1109 3515 1347 3563 desertam
1373 3514 1516 3562 omis-

496 3613 697 3660 samque
739 3596 802 3642 ab
843 3594 1111 3642 hominibus
1148 3593 1515 3659 rempublicam,

500 3676 700 3723 deorum
726 3691 847 3722 cura
877 3686 1129 3738 exceptam
1142 3708 1158 3729 ‚
1197 3674 1394 3720 tutelam
1417 3673 1520 3732 ejus

502 3765 789 3818 susceptam.
828 3753 909 3801 Sic
931 3764 979 3800 et
990 3768 1212 3817 pugnam
1233 3762 1523 3815 acceperunt

502 3833 810 3891 XXXVIII,
843 3832 937 3891 25,
961 3849 1012 3879 n.
1049 3849 1073 3893 7
1095 3849 1110 3892 ;
1141 3832 1237 3879 nisi
1262 3842 1312 3879 et
1335 3830 1407 3878 ibi
1424 3831 1518 3893 leg.

502 3920 805 3973 exceperunt.

578 3988 626 4036 5.
677 3987 925 4043 Consules,
965 4004 1116 4050 quam
1159 3988 1374 4037 tribunos
1416 3988 1520 4036 mil.

508 4058 750 4114 consulari
770 4075 1026 4126 potestate.

580 4143 796 4195 6.,Goire
817 4140 1060 4205 patricios
1093 4144 1278 4191 scilicet
1311 4146 1372 4193 ad
1406 4163 1523 4210 pro·

1599 3276 1662 3323 ad
1685 3280 1767 3334 ΙΙ,
1802 3277 1895 3336 61,
1929 3295 1980 3325 n.
2010 3279 2059 3326 6.
2094 3279 2224 3326 Hinc
2254 3296 2434 3327 annum
2467 3280 2618 3328 iute‘r-

1600 3356 1716 3404 serit
1742 3358 1993 3421 Sigonius,
2026 3359 2080 3405 in
2114 3374 2215 3422 quo
2234 3360 2498 3423 interreges
2516 3360 2619 3406 fue—

1602 3436 1702 3483 rint
1737 3436 1840 3484 sine
1876 3438 2157 3485 consulibus
2173 3473 2190 3499 ‚
2222 3440 2301 3487 vel
2328 3439 2383 3486 hi
2409 3438 2622 3500 designa·

1603 3515 1644 3562 ti
1675 3526 1861 3563 tantum
1887 3517 1985 3565 sint
2017 3518 2071 3565 in
2096 3521 2376 3581 proximum
2414 3531 2623 3577 annum,

1604 3611 1697 3642 nee
1714 3598 2042 3659 magistratum
2061 3600 2307 3663 extemplo
2325 3598 2623 3661 occeperint.

1608 3675 1756 3736 Quod
1800 3676 1889 3723 etsi
1930 3694 2103 3740 pamm
2136 3676 2391 3743 probabile
2430 3673 2626 3721 videtur

1606 3750 1810 3817 (confer
1836 3756 2076 3805 Dodwell.
2113 3756 2175 3803 de
2203 3754 2356 3820 cyclis
2380 3753 2497 3800 diss.
2528 3768 2588 3800 10
2606 3786 2623 3811 ‚

1608 3849 1691 3879 seu
1717 3835 1809 3892 843
1849 3847 1898 3883 et
1921 3836 2070 3882 Drak.
2106 3834 2171 3881 ad
2203 3834 2253 3880 h.
2281 3834 2313 3880 l.
2338 3832 2426 3880 ubi
2452 3849 2514 3881 ex
2534 3833 2625 3890 IV,

1611 3912 1671 3971 37
1695 3929 1709 3971 3
1733 3924 1780 3960 et
1802 3915 1867 3971 V,
1892 3930 1923 3975 9
1943 3946 1958 3971 ,
1992 3912 2164 3971 docet,
2189 3913 2520 3977 magistratum
2547 3909 2626 3957 his

1606 3992 1908 4055 temporibus
1949 3992 2125 4039 initum
2162 3992 2313 4038 finisse
2355 3991 2431 4038 Id.
2478 3987 2627 4053 Dec.)

1615 4086 1726 4116 eum
1763 4081 1925 4117 tamen
1966 4082 2015 4118 et
2047 4071 2098 4117 h.
2124 4070 2186 4128 1.,
2222 4080 2271 4117 et
2295 4070 2396 4128 VI,
2443 4084 2500 4128 1,
2540 4068 2629 4117 ubi

1616 4148 1765 4195 alium
1789 4147 2059 4211 interponit
2084 4163 2289 4207 annum,
2334 4148 2389 4197 in
2413 4159 2523 4212 quo‘
2538 4147 2630 4195 Ca-
