3000 4717
473 362 615 462 476
1315 362 1393 429 T.
1443 362 1723 430 mvn
2287 333 2532 442 21:322:

473 483 615 557 hus
657 481 791 554 fuit
827 509 844 553 ε
899 495 1065 579 post
1103 481 1553 579 triumphum
1597 477 1891 564 consul,
1947 489 2202 548 necato
2252 477 2585 547 Vitruvio

477 595 833 691 sociisque
862 594 1017 688 ejus
1053 615 1258 664 noxae
1277 647 1297 682 ,
1335 593 1528 691 apud
1565 583 1852 662 satiatos
1878 588 2025 683 jam
2066 585 2436 683 suppliciis
2463 611 2586 657 no·

479 705 796 776 centium
847 716 1074 774 tutam
1128 704 1575 775 mentionem
1621 700 1712 771 de
1763 693 2294 770 Privernatibus
2342 710 2583 765 ratus:

476 844 512 880 «
554 814 915 905 Quoniam
952 826 1277 885 auctores
1312 810 1766 896 defectionis,
1800 806 2076 903 inquit,
2113 803 2399 874 meritas
2436 826 2587 899 poe-

478 953 512 989 e
556 948 684 994 nas
717 938 790 995 et
819 921 911 994 ab
958 922 1092 993 diis
1127 919 1652 994 immortalibus
1684 933 1757 991 et
1799 942 1840 988 a
1877 913 2080 986 vobis
2125 911 2427 1000 habent,
2465 916 2587 983 Pa-

481 1065 516 1101 «
558 1048 703 1106 tres
740 1033 1159 1130 conscripti,
1201 1030 1378 1128 quid
1413 1030 1649 1131 placet
1680 1028 1771 1099 de
1808 1024 2101 1097 innoxia
2125 1019 2588 1094 multitudine

482 1174 517 1210 α
558 1142 758 1215 fieri?
793 1142 1175 1240 Equidem,
1210 1157 1283 1214 et
1316 1144 1374 1213 si
1404 1166 1578 1213 meae
1612 1153 1851 1239 partes
1883 1133 2340 1232 exquirenda:
2366 1132 2588 1228 magis

483 1284 520 1323 α
562 1253 964 1341 sententiae,
994 1275 1210 1351 quam
1237 1251 1489 1324 dandae
1509 1263 1706 1335 sunt,
1728 1264 1968 1319 tamen
1984 1298 2004 1334 ,
2031 1267 2257 1340 quum
2285 1241 2587 1328 videam,

483 1395 520 1431 «
564 1365 1010 1438 Privernates
1067 1364 1339 1436 vicinos
1392 1358 1833 1435 Samnitibus
1891 1380 2045 1428 esse
2071 1408 2091 1441 ‚
2152 1350 2346 1424 unde
2396 1374 2589 1421 nunc

471 1505 520 1542 ·«
561 1472 772 1546 nobis
808 1475 1275 1546 incertissima
1304 1498 1443 1571 pax
1471 1487 1614 1558 est;
1657 1492 1874 1567 quam
1910 1464 2294 1536 minimum
2325 1461 2593 1531 irarum

486 1615 523 1650 «
566 1586 754 1655 inter
784 1609 919 1655 nos
952 1584 1255 1681 illosque
1289 1584 1607 1681 relinqui
1640 1579 1874 1652 velim.
1905 1607 1938 1643 n

585 1696 780 1764 XXI.
827 1697 1075 1784 Quum
1126 1695 1278 1791 ipsa
1320 1718 1452 1793 per
1487 1717 1562 1765 se
1602 1714 1717 1761 res
1763 1709 2027 1783 anceps
2074 1692 2330 1769 esset¹‚
2378 1690 2598 1778 prout

489 1804 843 1903 cujusque
874 1805 1246 1903 ingenium
1279 1818 1461 1894 erat,
1508 1800 1823 1873 atrocius
1855 1796 2187 1867 mitiusve
2233 1786 2600 1861 suadenti-

488 1907 665 2002 bus3
701 1929 857 1987 tum
890 1917 1273 1988 incertiora
1308 1916 1550 1989 omnia
1588 1935 1780 1985 unus
1823 1934 1912 1981 ex
1943 1898 2471 2006 privernatibus
2496 1899 2601 1969 le-

488 2029 669 2123 gatis
686 2027 853 2100 fecit
867 2084 886 2118 ‚
906 2031 1131 2128 magis
1146 2027 1581 2102 conditionis
1599 2079 1618 2113 ‚
1639 2024 1714 2093 in
1735 2045 1879 2119 qua
1902 2031 2115 2090 natus
2144 2025 2329 2086 esset
2344 2065 2364 2098 ‚
2385 2031 2603 2106 quam

489 2139 863 2236 praesentis
913 2139 1388 2226 necessitatis,
1437 2158 1718 2206 memor
1761 2159 1775 2200 ε
1832 2128 1996 2226 qui,
2038 2127 2512 2218 interrogatus
2562 2141 2604 2187 a

495 2247 814 2344 quodam
857 2249 1188 2319 tristioris
1239 2246 1610 2318 sententiae
1649 2248 2006 2324 auctore²‚
2047 2258 2268 2333 quam
2302 2251 2604 2328 paenam

498 2362 781 2427 meritos
804 2362 1251 2427 Privernates
1277 2354 1636 2426 censeret?
1663 2376 1861 2437 eam,
1888 2347 2126 2444 inquit
2143 2398 2167 2432 ,
2196 2365 2420 2440 quam
2455 2362 2604 2407 me-

495 2482 775 2548 rentur,
813 2472 948 2561 qui
975 2489 1051 2535 se
1095 2465 1415 2536 libertate
1462 2464 1719 2559 dignos
1760 2472 2064 2532 censent.
2113 2453 2338 2547 Cujus
2380 2472 2610 2546 quum

497 2573 721 2662 feroci
759 2598 1113 2673 responso
1149 2574 1554 2647 infestiores
1591 2571 1818 2643 factos
1854 2568 2130 2639 videret
2166 2557 2415 2634 consul
2447 2580 2607 2658 eos,
2715 2553 2719 2560 ’

498 2686 629 2783 qui
659 2673 824 2757 ante
868 2688 1382 2758 Privernatium
1424 2707 1712 2756 causam
1753 2674 2308 2777 impugnabant3
2350 2682 2433 2740 ut
2460 2668 2610 2772 ipse

497 2793 811 2893 benigna
868 2798 1429 2895 interrogatione
1484 2795 1731 2865 mitius
1801 2807 2229 2885 responsum
2296 2779 2610 2863 eliceret,

503 2903 741 2994 Quid,
788 2912 855 2977 si
871 2931 1176 3002 poenam
1194 2959 1213 2991 ‚
1269 2905 1539 3001 inquit,
1581 2904 2001 2973 remittimus
2035 2894 2277 2976 vobis,
2324 2887 2614 2987 qualem

501 3038 634 3084 nos
674 3041 933 3111 pacem
973 3016 1346 3087 vobiscum
1388 3013 1762 3084 habituros
1795 3028 2160 3104 speremus
2178 3004 2215 3071 Ρ
2248 3005 2327 3073 Si
2353 2998 2616 3069 bonam

501 3123 873 3212 dederitis,
919 3126 1188 3223 inquit,
1221 3140 1292 3194 et
1310 3122 1548 3215 siclam
1588 3136 1656 3191 et
1685 3130 2116 3217 perpetuam
2147 3140 2167 3183 .·
2204 3115 2270 3182 si
2299 3103 2613 3192 malamj

504 3234 716 3305 haud
738 3234 1173 3306 diuturnam.
1212 3239 1395 3305 Tum
1424 3256 1599 3304 vero
1630 3231 1894 3300 minari
1909 3222 1966 3313 ³,
2003 3248 2133 3296 nec
2154 3220 2235 3292 id
2256 3219 2615 3315 ambigue,

506 3350 988 3416 Privernatem
1026 3345 1323 3442 quidam
1338 3399 1357 3432 ‚
1404 3358 1474 3412 et
1509 3340 1650 3410 illis
1679 3336 1978 3408 vocibus
2000 3333 2109 3404 ad
2126 3325 2620 3401 rebellandum

505 3457 785 3525 incitari
803 3468 1108 3550 pacatos
1123 3451 1483 3551 populos.-
1510 3451 1674 3549 pars
1703 3445 1958 3518 melior
1974 3447 2004 3495 ‘⁴
2036 3454 2322 3514 senatus
2350 3435 2439 3507 ad
2476 3459 2620 3505 me·

509 3631 764 3689 Veliterni,
804 3619 1061 3682 habitaret.
1090 3631 1270 3680 Confer
1297 3645 1402 3695 cap.
1438 3638 1516 3686 14.
1681 3628 1726 3674 3.
1745 3628 1863 3672 Tum
1879 3639 2000 3672 vero
2019 3619 2226 3670 minari.
2239 3651 2251 3665 .
2264 3652 2276 3665 .
2292 3615 2494 3680 quidam
2518 3613 2621 3661 scil.

576 3713 696 3760 Cu.
726 3713 872 3760 xxl.
900 3728 942 3759 1.
965 3712 1122 3774 Quum
1142 3711 1248 3775 ipsa
1263 3725 1361 3774 per
1377 3724 1427 3756 se
1444 3725 1521 3755 res
1608 3708 1774 3754 Patres
1801 3704 1978 3751 dicere.

510 3806 711 3854 anceps,
733 3801 827 3838 ete.
842 3790 904 3838 cf.
921 3791 1021 3848 111,
1042 3791 1104 3844 34
1117 3825 1133 3849 ‚
1148 3806 1200 3838 n.
1220 3805 1261 3837 1.
1279 3816 1343 3825 -
1359 3786 1522 3853 th'us·
1682 3791 1729 3839 4.
1768 3786 1891 3831 Pars
1924 3779 2095 3829 melior
2119 3786 2315 3825 senatus
2349 3786 2627 3836 responsum

510 3883 630 3930 que,·
649 3870 750 3917 Pal.
770 3867 835 3938 Ῑξ.
856 3868 1225 3933 uniuscujusque
1241 3882 1303 3915 ex
1322 3867 1495 3930 glossa.
1608 3862 1701 3928 (al.
1723 3858 1982 3926 responsa)
2012 3856 2202 3906 trahere
2224 3853 2298 3903 ad
2315 3852 2520 3901 meliora
2533 3885 2549 3908 ‚
2571 3849 2626 3894 in

580 3960 628 3991 2.
652 3937 982 4011 Interrogatus
1008 3963 1042 3993 a
1061 3946 1275 4009 quodam
1298 3943 1523 3993 tristioris
1610 3941 1856 3990 moliorem
1877 3949 2090 4003 partem,
2118 3935 2172 3982 in
2197 3932 2371 3981 melius
2389 3931 2626 3992 interpre-

510 4023 756 4070 sententioe
767 4035 988 4088 auctore,
1017 4024 1128 4072 vide
1147 4025 1210 4072 ad
1222 4026 1288 4084 V,
1307 4040 1334 4071 2
1353 4057 1370 4082 ,
1390 4040 1439 4072 n.
1460 4022 1492 4068 6
1505 4056 1518 4081 ,
1605 4021 1718 4074 ,tari-
1744 4019 1840 4066 Sed
1863 4033 1973 4065 cum
1986 4016 2188 4063 Dukero
2201 4012 2295 4075 leg.
2306 4026 2432 4075 pars
2445 4005 2622 4061 mitior,

514 4111 562 4149 θῒ
588 4100 766 4155 xxx,
794 4115 856 4148 2²
870 4132 886 4157 2
908 4117 958 4147 n.
979 4106 1034 4150 ἀ,
1609 4110 1694 4148 ant
1705 4114 1815 4146 cum
1829 4098 1984 4145 Gron.
2006 4093 2080 4141 ad
2088 4090 2314 4140 molliora
2326 4089 2404 4137 vel
2420 4083 2624 4133 mollius.
