3000 4717
2324 302 2372 340 Δ.
2401 298 2448 338 C.
2479 303 2571 356 337.

506 313 646 398 438
785 411 790 416 .
1342 318 1420 383 Τ.
1488 318 1770 383 LIVII
2324 359 2378 399 U,
2408 362 2458 402 ς,
2482 367 2575 409 41⁵.

508 435 647 507 suli
685 434 936 508 eadem
962 435 1224 507 dicitur
1254 436 1406 508 visa
1433 436 1708 534 species
1741 437 1875 507 viri
1898 436 2220 531 majoris,
2248 465 2467 537 quam
2491 467 2631 540 pro

505 544 828 616 humano
881 545 1167 633 habitu,
1215 546 1822 643 augustiorisque,
1876 545 2180 617 dicentis
2229 574 2245 616 :
2298 554 2428 620 Ex
2451 591 2458 600 ·
2478 577 2629 623 una

511 661 667 726 acie
699 661 1192 753 imperatorem
1214 709 1233 741 ,
1284 680 1382 726 ex
1418 654 1654 726 altera
1688 661 2075 727 exercitum
2104 656 2243 728 dieze
2280 661 2630 733 Manibus

510 773 863 864 matrique
920 772 1161 840 Terrae
1206 766 1447 838 deberi
1455 768 1527 852 4,-
1584 771 1811 836 utrius
1858 773 2208 838 exercetus
2248 773 2636 865 imperator·

512 874 823 972 legiones
851 876 1162 948 hostium
1177 930 1197 962 ,
1236 901 1498 974 superq
1506 901 1597 946 ue
1622 900 1750 946 eas
1775 901 1852 946 se
1878 877 2264 947 devovisset
2279 931 2300 963 ,
2332 879 2488 972 ejus
2502 902 2632 975 po-

497 987 675 1085 puli
678 992 1057 1085 partesque
1073 992 1454 1058 victoriam
1460 986 1660 1075 fore.
1694 991 1841 1056 Hos
1864 985 1998 1056 ubi
2024 1002 2415 1058 nocturnos
2433 989 2631 1058 visus

513 1096 706 1167 inter
745 1121 820 1168 se
858 1097 1190 1168 consules
1226 1096 1731 1185 contulerunt,
1769 1097 2040 1194 placuit
2072 1098 2631 1169 averruncandae

516 1205 733 1276 deum
781 1207 903 1276 irae
942 1207 1266 1277 victimas
1321 1204 1533 1295 caedi3
1589 1199 1797 1276 simul
1847 1219 1929 1275 ut
1949 1260 1968 1293 ‚
2021 1207 2078 1275 si
2125 1208 2308 1276 extis
2348 1206 2629 1289 eadem,

517 1341 677 1412 quae
724 1341 980 1389 somno
1025 1318 1173 1387 visa
1221 1314 1555 1405 fuerant‚-
1598 1314 2244 1412 portenderentur,
2291 1317 2633 1387 alteruter

518 1424 897 1498 consulum
931 1423 1073 1496 fata
1109 1426 1439 1523 impleret
1457 1422 1508 1495 5.
1545 1425 1694 1498 Ubi
1720 1448 2064 1523 responsa
2086 1426 2636 1523 aruspicumin-

518 1533 781 1605 sidenti
814 1536 961 1629 jam
995 1538 1234 1605 animo
1269 1536 1494 1606 tacitae
1531 1535 1859 1633 religioni
1887 1533 2411 1632 congruerunt3
2449 1549 2632 1619 tum,

518 1642 855 1713 adhibitis
883 1645 1130 1742 legatis
1163 1645 1654 1742 tribunisque,
1682 1660 1754 1717 et
1780 1646 2095 1743 imperiis
2128 1645 2347 1716 deum
2375 1670 2636 1743 propa-

520 1751 664 1822 lam
699 1753 1073 1851 expositis‚
1111 1780 1205 1826 ne
1233 1780 1426 1825 mors
1456 1755 1859 1826 voluntaria
1893 1755 2206 1826 consulis
2242 1756 2637 1826 exercitum

521 1863 600 1932 in
626 1864 774 1935 acie
805 1878 1108 1936 terreret
1126 1924 1145 1954 ,
1178 1880 1599 1963 comparant
1628 1866 1816 1936 inter
1844 1890 1952 1951 se,
1979 1880 2094 1953 ut,
2128 1864 2218 1935 ab
2244 1880 2406 1935 utra
2434 1879 2637 1963 parte

525 1973 779 2046 cedere
827 2000 1167 2046 romanus
1216 1980 1572 2048 exercitus
1606 1977 1978 2072 coepisset,
2032 1973 2202 2045 inde
2246 1999 2330 2045 se
2385 1975 2637 2045 consul

526 2083 912 2157 devoveret
956 2110 1093 2182 pro
1129 2086 1407 2184 populo
1446 2110 1750 2157 romano
1790 2084 2355 2182 Quiritibusque.
2396 2087 2640 2181 Agita·

528 2210 684 2266 tum
738 2196 950 2266 etiam
998 2198 1076 2266 in
1131 2193 1478 2267 consilio⁶
1531 2209 1669 2281 est,
1712 2210 1827 2284 ut,
1871 2197 1929 2266 si
1975 2194 2267 2291 quando
2309 2217 2636 2288 unquam

526 2328 777 2403 severo
829 2305 1057 2375 ullum
1106 2306 1410 2400 imperio
1462 2303 1738 2375 bellum
1793 2304 2360 2377 administratum
2408 2317 2597 2374 esset
2617 2357 2636 2391 ‚

523 2427 703 2482 tunc
765 2414 872 2482 uti
927 2411 1296 2508 disciplina
1347 2413 1672 2484 militaris
1734 2414 1849 2484 ad·
1876 2416 2146 2511 priscos
2195 2413 2639 2508 redigeretur

525 2547 786 2593 mores.
837 2527 1100 2593 Curam
1143 2521 1445 2598 acuebat
1462 2578 1481 2613 ‚
1533 2523 1735 2621 quod
1773 2524 2111 2596 adversus
2150 2525 2445 2595 Latinos
2480 2521 2636 2594 bel-

527 2742 701 2774 somno
727 2724 809 2791 (ut
830 2727 930 2784 lx,
963 2726 1053 2785 37,
1087 2742 1138 2773 ιι.
1163 2726 1194 2772 6
1214 2735 1261 2772 et
1283 2725 1393 2791 aL),
1427 2724 1541 2773 visa
1631 2725 1744 2773 vide
1771 2726 1834 2774 ad
1857 2728 1922 2783 V,
1958 2727 2050 2784 25,
2077 2741 2126 2773 n.
2163 2725 2209 2773 5.
2250 2753 2317 2762 -
2347 2725 2641 2788 Compar-ant

528 2805 704 2871 species
715 2804 818 2852 viri
827 2804 1026 2869 majoris
1036 2840 1052 2861 ,
1070 2821 1217 2868 quam
1221 2820 1316 2868 pro
1330 2803 1543 2850 humano

531 2885 700 2933 habitu
713 2919 730 2941 ,
765 2884 921 2932 forms
945 2895 996 2932 et
1021 2871 1177 2946 figura
1209 2882 1411 2931 humani
1434 2897 1544 2930 cor-

531 2964 668 3028 poris
693 2963 878 3010 scilicet
902 2978 1005 3010 esse
1028 2973 1216 3025 posset,
1238 2961 1547 3026 augmeioris·

533 3058 655 3107 que,·
682 3040 836 3104 qualis
863 3040 1063 3087 deorum
1099 3041 1285 3105 species
1315 3050 1364 3087 et
1390 3040 1545 3086 forma

534 3136 639 3168 esse
663 3118 949 3183 putabatun
974 3118 1087 3166 vide
1112 3118 1175 3165 ad
1202 3119 1388 3177 Sil.v1‚
1413 3118 1545 3177 4263

539 3211 587 3245 et
597 3199 713 3255 XV,
735 3213 761 3243 2
775 3212 794 3241 1
807 3229 817 3242 .
841 3196 1102 3243 Prudentia
1130 3196 1286 3243 civilis
1303 3195 1400 3243 hoc
1412 3189 1546 3243 com‘·

533 3287 701 3325 mento
722 3274 880 3323 alebat
897 3274 1287 3338 superstitionem
1312 3273 1462 3337 vulgi.
1477 3300 1548 3309 --

534 3355 823 3419 Imaginatio
845 3367 1040 3417 quoque
1060 3353 1339 3401 incenditur
1349 3365 1481 3401 metu
1499 3365 1551 3401 et

536 3435 787 3498 religione.
811 3432 995 3484 confcr
1017 3432 1143 3479 infra
1158 3447 1265 3494 cap.
1287 3447 1346 3493 9,
1368 3447 1417 3477 n.
1443 3433 1491 3479 8.

607 3523 654 3570 4.
663 3510 946 3562 Exercitum
960 3510 1052 3558 diis
1065 3509 1294 3557 Manibus
1307 3510 1549 3573 matrique

541 3597 700 3641 Terrae
715 3589 901 3646 deberi,
924 3589 1093 3636 confer
1109 3604 1215 3653 cap.
1235 3604 1285 3650 9.
1296 3614 1363 3625 --·
1380 3589 1549 3653 Super·

536 3688 629 3735 que
651 3685 734 3718 eas
759 3684 809 3716 se
833 3667 1111 3724 devovisset,
1141 3667 1254 3726 wide
1273 3668 1335 3715 nd
1354 3669 1419 3725 V,
1450 3677 1511 3723 μ
1530 3702 1547 3725 ,

537 3767 587 3797 ιι.
609 3758 666 3806 4,
691 3759 742 3798 et
762 3747 914 3804 XXI,
946 3754 1006 3801 14
1024 3780 1039 3804 ‚
1061 3763 1112 3793 ιι.
1133 3754 1181 3802 4.
1205 3773 1275 3784 -—-
1304 3749 1549 3793 Aret-run·-

424 3808 430 3815 ’
536 3828 708 3874 canda·
733 3826 875 3874 deum
902 3824 990 3876 ενα,
1009 3824 1233 3873 victimas
1258 3824 1406 3882 καί,
1436 3825 1549 3873 vide

537 3905 720 3961 adul,
744 3904 898 3960 35,n.
930 3919 982 3961 1,
1007 3914 1057 3950 et
1077 3905 1287 3962 XXIX,
1306 3918 1400 3961 27,
1419 3918 1471 3949 n.
1496 3918 1548 3950 α.

607 3983 635 4026 5
642 4014 654 4026 .
667 3982 912 4026 Alter-uter
922 3980 1288 4044 consulumfata
1301 3981 1543 4043 impleret,

544 4056 643 4104 vid.
654 4056 748 4103 adl
766 4090 779 4113 ‚
794 4071 901 4116 7,n.
918 4073 939 4103 1
954 4074 972 4104 ι
984 4091 996 4106 .
1008 4086 1074 4095 —-
1091 4058 1334 4106 Adhibitis
1344 4058 1542 4123 legatis,

1631 2804 1758 2852 inter
1777 2820 1852 2862 se,
1881 2816 1956 2861 ut,
1984 2814 2076 2852 etc.
2106 2805 2287 2852 Confer
2303 2803 2366 2850 ad
2383 2806 2482 2860 111,
2509 2819 2536 2849 2
2556 2837 2571 2860 ,
2586 2820 2634 2849 n.

1636 2897 1687 2931 1.
1713 2909 1782 2919 ——-
1804 2882 1954 2938 Inde,
1981 2882 2044 2929 ab
2066 2898 2121 2929 ea
2147 2893 2302 2946 parte.

1701 2960 1753 3008 6.
1782 2961 2030 3026 Agitatum
2054 2961 2201 3008 etiam
2223 2961 2273 3007 in
2295 2959 2492 3007 consilio
2513 2959 2640 3005 mili-

1633 3039 1748 3096 tari,
1776 3038 1912 3101 quod
1932 3039 2185 3086 constabat
2211 3038 2406 3103 legatis,
2434 3037 2640 3084 tribunis

1632 3116 1838 3164 militum
1865 3128 1914 3165 et
1952 3117 2319 3165 centurionibus
2352 3116 2499 3181 primi
2536 3115 2639 3180 pili.

1634 3195 1814 3243 Confer
1831 3195 1894 3242 ad
1916 3199 1940 3243 Ι
1955 3232 1969 3257 ,
2000 3196 2091 3255 54,
2115 3212 2166 3242 n.
2195 3212 2243 3244 2.
2265 3197 2390 3246 Mox
2410 3210 2503 3260 pro
2529 3206 2642 3241 tune

1635 3273 1709 3322 uei
1720 3273 1849 3321 forte
1873 3274 1967 3337 leg.
1994 3290 2121 3321 nunc
2146 3274 2312 3338 ueiqtce
2336 3272 2544 3337 (confer
2570 3283 2641 3320 ta-

1633 3354 1855 3408 ιιιοιιΠΙ,
1871 3352 1939 3408 64
1948 3353 2118 3418 extu),
2137 3353 2215 3400 vel
2226 3352 2484 3400 delendum
2494 3368 2642 3415 praec.

1636 3442 1704 3478 ue.
1730 3431 1826 3479 Sed
1850 3442 1904 3477 ue
1917 3446 2046 3495 sepe
2066 3431 2424 3495 perspicuitatis
2448 3446 2645 3494 quoque

1634 3525 1776 3557 eausa
1800 3510 2053 3573 repetitur,
2077 3505 2258 3558 Confer
2277 3510 2425 3557 Drak.
2439 3509 2499 3556 ad
2516 3509 2614 3556 h.l.
2630 3542 2648 3566 ,

1633 3589 1765 3636 nuk.
1787 3588 1851 3637 ad
1874 3589 2000 3635 Flor.
2021 3591 2097 3645 ΙΙ,
2121 3588 2152 3634 6
2167 3622 2182 3646 ,
2200 3604 2253 3635 ιι.
2282 3603 2371 3649 19,
2397 3598 2446 3636 et
2465 3603 2555 3634 nos
2572 3588 2647 3633 in·

1634 3668 1707 3714 fra
1729 3667 1790 3714 ad
1812 3668 1995 3724 xxn,
2030 3681 2109 3718 ιι,
2139 3683 2190 3714 ιι.
2214 3683 2264 3714 a.
2288 3666 2650 3713 ——Admonuit

1635 3746 1861 3809 Sigonius
1888 3745 2147 3808 legendum
2179 3761 2283 3792 esse
2315 3756 2427 3791 tunc
2454 3745 2644 3808 utique,

1634 3823 1768 3887 quod
1790 3836 1863 3872 est
1883 3835 2000 3871 tunc
2024 3811 2255 3882 omnino,
2276 3834 2395 3870 tunc
2413 3823 2649 3879 maxime3

1635 3918 1699 3950 ne
1712 3902 1794 3949 vel
1811 3914 1868 3950 ue
1877 3912 2037 3960 vacet,
2058 3902 2136 3949 vel
2155 3901 2243 3949 uti.
2273 3901 2379 3948 Nec
2407 3900 2655 3965 improba·

1634 3980 1748 4028 bilis
1774 3982 2064 4040 conjectura.
2094 3981 2275 4027 Tamen
2308 3996 2410 4027 ιιοιι
2434 3983 2538 4026 'rara
2565 3995 2653 4026 oc-

1634 4070 1835 4108 currunt
1867 4058 2087 4123 exempla
2114 4059 2366 4123 geminata
2397 4058 2656 4122 particula
