3000 4717
484 296 598 387 74.
1335 292 1410 359 Τ.
1477 264 1802 358 LIVII'
2175 265 2554 369 &12:33113331

475 417 811 486 nieorum
849 437 1056 510 agros
1093 413 1489 512 praedatum
1541 413 1768 483 exisse
1810 406 1996 480 fama
2035 421 2221 479 esset
2241 460 2260 493 ,
2298 407 2394 480 ad
2446 434 2612 481 rem

477 524 995 623 inspiciendam
1040 515 1315 596 tribuni
1353 523 1664 594 militum
1703 516 2331 617 proficiscerentur
2355 571 2374 604 ,
2423 542 2603 589 con-

479 636 881 734 sulariaque
909 637 1197 707 comitia
1223 634 1688 706 haberentur.
1707 628 2015 702 Profecti
2027 633 2161 727 Ap.
2185 627 2606 718 Claudium,

477 746 712 818 filium
745 747 1169 836 decemviri,
1188 744 1608 843 praefectum
1645 741 1861 815 Urbis
1895 739 2359 837 relinquunt,
2389 739 2606 836 impi-

479 882 687 956 grum
712 860 1090 954 juvenem,
1128 871 1201 929 et
1236 857 1384 951 jam
1417 854 1590 926 inde
1624 852 1716 924 ab
1749 849 2205 924 incunabulis
2242 847 2607 919 imbutum

481 971 649 1041 odio
688 968 1158 1041 tribunorum
1200 967 1599 1067 plebisque.
1638 962 1975 1035 Tribunis
2020 960 2216 1059 plebi
2254 985 2387 1033 nec
2440 983 2606 1031 cum

482 1078 900 1151 absentibus
945 1082 1028 1151 iis
1055 1136 1073 1170 ‚
1112 1081 1241 1176 qui
1276 1092 1567 1150 senatus
1608 1073 2023 1147 consultum
2065 1071 2382 1145 fecerant
2410 1121 2430 1160 ,
2472 1094 2610 1141 nec

483 1216 648 1263 cum
681 1194 918 1290 Appio
937 1245 956 1281 ‚
976 1206 1330 1263 transacta
1354 1216 1470 1279 re,
1498 1188 1702 1288 quod
1729 1185 2254 1259 contenderent
2275 1237 2294 1270 ,
2326 1181 2484 1253 fuit.
2535 1269 2540 1274 ε

575 1308 931 1375 XXXVII.
972 1304 1209 1375 Creati
1237 1301 1572 1375 consules
1605 1312 1774 1370 sunt
1805 1293 2384 1393 C..Sempronius
2408 1295 2608 1362 Atra-

480 1415 702 1503 tinus,
717 1420 804 1507 Q.
822 1413 1082 1486 Fabius
1094 1412 1521 1486 Vibulanus.
1546 1409 1928 1506 Peregrina
1945 1431 2061 1477 res
2079 1459 2099 1494 ‚
2119 1403 2246 1482 sed
2262 1399 2611 1473 memoria

480 1523 694 1622 digna
716 1580 735 1614 ‚
759 1524 1065 1596 traditur
1099 1549 1188 1596 eo
1224 1548 1418 1595 anno
1453 1521 1636 1594 facta
1666 1520 2156 1591 :Vulturnum
2183 1525 2234 1604 ¹,
2272 1511 2611 1585 Etrusco-

481 1659 645 1704 rum
675 1633 935 1706 urbem
958 1690 977 1717 ‚
1015 1659 1174 1731 quae
1207 1657 1404 1705 nunc
1435 1638 1685 1731 Capua
1714 1646 1822 1703 est
1842 1685 1864 1719 ,
1896 1626 1988 1700 ab
2020 1623 2459 1699 Samnitibus
2492 1645 2612 1691 ca-

484 1761 719 1842 ptarn3
747 1739 1213 1843 Capuamque
1257 1742 1348 1815 ab
1385 1743 1570 1816 duce
1606 1765 1861 1814 eorum
1900 1744 2144 1837 Capye
2169 1791 2189 1825 ‚
2221 1727 2374 1821 vel,
2412 1727 2615 1829 quod

480 1858 784 1955 propius
806 1877 978 1928 vero
1003 1872 1140 1944 est,
1167 1881 1209 1927 a
1230 1854 1615 1954 campestri
1643 1876 1815 1949 agro
1847 1846 2321 1946 appellatam:
2352 1861 2613 1939 cepere

484 1981 726 2037 autem
739 2017 761 2056 ‚
776 1969 976 2065 prius
990 1966 1188 2042 bello
1202 1966 1508 2065 fatigatis
1519 1962 1832 2035 Etruscis
1845 2012 1865 2046 ‚
1886 1962 1965 2027 in
1984 1957 2399 2027 societatem
2413 1948 2620 2022 ‘urbis

483 2099 966 2177 agrorumque
1003 2079 1276 2176 accepti
1293 2105 1314 2148 .-
1351 2075 1616 2148 deinde
1646 2070 1829 2142 festo
1861 2067 1977 2138 die
2011 2084 2264 2163 graves
2281 2074 2309 2104 ‘²
2348 2083 2618 2132 somno

487 2188 866 2286 epulisque
919 2190 1190 2261 incolas
1221 2202 1500 2257 veteres
1531 2182 1703 2251 novi
1745 2178 1988 2251 coloni
2028 2189 2388 2245 nocturna
2426 2169 2621 2241 caede

486 2299 742 2372 adorti.-
796 2297 961 2372 His3
1008 2298 1230 2371 rebus
1265 2295 1439 2365 actis
1458 2325 1492 2379 ‚·
1520 2289 1854 2366 eonsules
1897 2287 1985 2372 ii,
2030 2306 2219 2381 quos
2250 2280 2568 2356 diximus
2598 2332 2619 2365 ‚

554 2482 676 2531 Car.
691 2479 961 2530 XXXVII.
978 2494 1022 2526 1.
1042 2473 1343 2531 Vulturnum,
1361 2471 1503 2520 Emt-
1577 2470 1711 2535 sesto
1742 2479 1914 2533 ἔπινες
1931 2501 1942 2516 .
1957 2501 1968 2513 .
1983 2501 1995 2514 .
2010 2502 2022 2516 .
2051 2459 2218 2512 adorti
2226 2498 2243 2520 ,
2276 2459 2620 2529 coniuratione

481 2569 671 2610 seor-um
696 2561 884 2617 urbem,
916 2571 1027 2622 quae
1051 2565 1180 2604 nune
1209 2554 1380 2617 Capua
1405 2562 1498 2608 est,
1591 2549 1717 2597 faeta
1738 2547 2028 2597 Samnitium
2044 2551 2092 2593 et
2109 2544 2210 2591 ritu
2227 2540 2441 2605 quodam
2462 2531 2620 2586 saei-a-⁴

485 2643 550 2690 ab
567 2638 858 2688 Samnitibus
876 2648 1075 2700 captam
1087 2669 1100 2682 .
1113 2670 1127 2683 .
1138 2670 1151 2682 .
1176 2633 1499 2699 appellatam,
1593 2630 1747 2677 menti
1766 2638 1959 2676 vetusto
1977 2625 2111 2673 velut
2130 2622 2336 2671 initiatis
2356 2618 2621 2675 militnm„

488 2720 658 2768 confer
678 2717 834 2766 Strab.
852 2707 918 2774 V,
931 2732 1041 2780 pag.
1061 2722 1161 2770 242
1180 2749 1194 2773 ,
1220 2707 1281 2762 al.
1308 2713 1366 2771 37
1380 2727 1425 2770 13
1442 2710 1507 2757 ad
1593 2726 1645 2758 v.
1663 2707 1739 2769 X,
1761 2706 1843 2756 38.
1859 2699 1969 2755 Jam
1983 2721 2113 2753 nunc
2126 2703 2277 2767 igitur
2294 2693 2463 2764 Capua
2484 2685 2620 2743 Sam-

490 2799 574 2848 su.
598 2800 674 2858 XI
690 2832 705 2857 ,
730 2798 814 2855 30,
839 2809 933 2857 177
955 2801 1028 2859 sq.
1050 2803 1153 2858 299
1173 2807 1246 2857 sq.
1271 2797 1321 2839 et
1337 2785 1505 2855 Περὶ.
1596 2789 1770 2837 uitium
1786 2788 1903 2835 urbs
1923 2785 2077 2843 factu
2106 2793 2230 2847 qima
2258 2782 2451 2828 constat
2473 2772 2618 2823 intel-

490 2881 640 2944 Opm.
692 2877 848 2927 Aead.
879 2889 916 2926 t.
950 2877 1015 2935 V,
1041 2889 1092 2941 p.
1124 2873 1249 2934 435,
1278 2871 1366 2920 ubi
1402 2870 1509 2918 haec
1595 2867 1821 2936 ligendos
1834 2864 2161 2929 essequetiee'
2174 2857 2619 2925 Canipam‘namm-

489 2958 709 3007 notavit:
725 2958 1002 3006 «Neutrum
1021 2971 1189 3004 verum
1201 2970 1215 3013 ;
1229 2951 1315 3000 sed
1329 2965 1512 3000 nomen
1597 2962 1678 2998 tnr
1703 2946 1948 3012 Dionysio
1969 2954 2018 2991 et
2035 2940 2296 3006 Agathocli
2321 2955 2373 2986 se
2399 2931 2622 2983 mercede

422 3031 432 3038 ”
490 3054 519 3083 a
541 3038 714 3098 Tuscis
734 3037 970 3095 inditum,
1001 3036 1109 3084 viso
1130 3031 1334 3082 falconis
1362 3044 1512 3092 augu-
1602 3024 1952 3077 conducendos
1986 3020 2192 3068 dedisse.
2227 3017 2307 3066 Sic
2333 3017 2425 3073 IV,
2461 3021 2551 3071 44,
2580 3026 2614 3056 a

494 3115 594 3172 rio,
618 3115 703 3178 qui
727 3127 863 3163 tusca
883 3116 1049 3179 lingua
1071 3129 1216 3177 capys
1243 3109 1438 3165 dicitur,
1458 3117 1514 3154 ut
1603 3103 1863 3170 Campanis
1880 3093 2042 3149 Cuma·
2060 3098 2341 3166 capiuntuF,
2363 3081 2460 3142 boc
2473 3091 2572 3150 est,
2586 3108 2614 3139 a

493 3192 616 3246 adeo
655 3194 941 3241 Vulturnum
978 3195 1082 3253 ejus
1116 3192 1514 3253 interpretamen-
1602 3171 1896 3236 'samnitibus
1907 3215 1922 3239 ‚
1940 3177 1996 3227 u‘t
2012 3166 2104 3237 N,
2122 3167 2181 3225 52
2197 3211 2211 3235 ,
2226 3177 2289 3246 ab
2302 3169 2593 3221 Samhihzus·
2601 3204 2619 3228 ‚

492 3282 597 3320 tum
613 3271 895 3322 habendum
911 3273 989 3330 sit.
1010 3270 1192 3334 Caper-e
1204 3280 1366 3316 autem
1385 3263 1515 3315 Sam·
1604 3266 1690 3332 qui
1710 3263 1928 3327 Capuam
1947 3245 2194 3307 habebant
2216 3247 2501 3318 Cumasque.
2517 3261 2543 3292 »ὑ
2565 3266 2571 3274 ’

492 3351 643 3410 nites,
662 3350 800 3416 prius
840 3352 961 3399 bello
983 3348 1216 3417 fatigatis
1260 3343 1474 3395 Etruscis
1491 3381 1511 3405 ,
1673 3362 1721 3391 2.
1753 3341 1936 3410 'Graves
1952 3340 2119 3386 somno
2145 3334 2415 3399 epulisque,
2436 3337 2492 3378 ut
2509 3327 2625 3376 alibi

493 3443 654 3498 gesto,
681 3433 890 3498 opinor,
909 3448 1020 3480 cum
1044 3430 1167 3495 ipsis
1190 3423 1512 3494 Samnitibus,
1594 3421 1793 3491 gravati
1804 3431 1852 3468 et
1872 3414 2225 3488 βεὸἀιρηκότες;
2245 3405 2361 3461 vide
2376 3407 2624 3459 Drakenb.

495 3514 581 3579 qui
604 3525 716 3562 ante
738 3514 843 3562 haec
865 3524 1085 3577 tempora
1108 3501 1422 3575 Campaniam
1442 3506 1515 3553 in-
1601 3504 1681 3554 Sic
1700 3501 1839 3557 vino,
1856 3500 2024 3546 somna
2045 3508 2094 3544 et
2112 3492 2218 3544 cibo
2232 3508 2403 3557 graves
2416 3481 2596 3537 xm
2609 3520 2624 3545 ‚

494 3594 667 3643 sectare
695 3605 969 3660 coeperant,
993 3593 1042 3640 in
1074 3590 1352 3639 societatem
1384 3585 1514 3633 urbis
1605 3573 1699 3639 343
1727 3569 1909 3628 XXXI
1925 3613 1939 3637 ,
1973 3575 2032 3632 [μ’
2056 3594 2071 3636 ;
2108 3585 2156 3623 et
2185 3571 2469 3637 semigraves
2504 3566 2624 3614 vino

496 3691 819 3741 agrorumque
835 3673 1021 3739 accepti
1038 3670 1275 3721 Samnites
1294 3663 1354 3714 ab
1372 3663 1514 3713 Etru·
1600 3651 1770 3718 XXV,
1788 3667 1864 3730 *24
1897 3674 1973 3723 pr.
2000 3643 2088 3704 ubi
2113 3653 2261 3720 paulo
2298 3650 2412 3715 post
2444 3645 2630 3693 dicitur

499 3756 618 3812 scis,
642 3768 700 3806 ut
720 3755 819 3803 hoc
847 3755 971 3803 adeo
998 3765 1228 3816 tanquam
1259 3745 1394 3815 pacis
1425 3741 1515 3791 foe-
1598 3738 1816 3805 gravatis
1849 3737 2066 3786 omnibus
2101 3734 2220 3781 “vi‘no
2254 3728 2533 3801 semnoqu'e.
2557 3751 2628 3761 —-

501 3834 614 3882 dere
632 3833 813 3883 bellum
834 3834 1159 3899 compositum
1180 3829 1327 3878 fuerit
1352 3810 1513 3890 (conf.
1603 3817 1740 3890 Mero
1768 3819 2031 3882 somnoque
2044 3811 2235 3879 gravis,
2258 3803 2354 3859 ὒν.
2378 3809 2502 3856 Met.
2527 3795 2625 3861 111,

501 3914 708 3960 Diodor.
736 3916 865 3965 XII.
894 3914 953 3961 31
974 3928 991 3970 3
1013 3909 1223 3975 Syncell.
1248 3922 1357 3972 pag.
1389 3891 1483 3965 198
1503 3918 1517 3961 ;
1606 3897 1726 3957 608,
1743 3910 2067 3959 etsomnoque
2072 3893 2347 3959 gravatum,
2359 3885 2456 3936 val
2462 3922 2475 3935 .
2491 3883 2623 3931 Flac.

502 3991 677 4042 Euseb.
695 3987 1093 4039 Chron.Hieron.
1109 3987 1171 4036 ad
1191 4001 1371 4033 annum
1390 3975 1515 4031 Urb.
1607 3969 1686 4038 ῙῘ,
1707 3975 1825 4027 568.
1852 3973 1945 4029 En.
2099 4038 2106 4046 .

508 4071 650 4120 cond.
688 4072 817 4134 3163
840 4071 901 4119 ab
933 4069 1023 4117 ch.
1056 4085 1107 4116 n.
1143 4055 1310 4131 438„
1343 4051 1518 4111 deinde
1683 4060 1728 4106 3.
1743 4056 1833 4106 His
1849 4054 1986 4102 rebus
2005 4051 2143 4108 aet'is,
2165 4049 2371 4106 tammo
2386 4045 2627 4109 tempore,
