3000 4717
476 354 522 390 Α.
550 348 597 387 C.
623 348 709 387 381.

477 412 530 451 U.
551 411 599 449 C.
623 411 715 463 371.

992 365 1295 436 LIBER
1346 370 1475 437 Vl.
1532 369 1741 436 CAP.
1796 369 1957 433 XX.
2403 387 2543 460 ‘²79

419 494 698 588 insigne
729 487 1171 560 cicatricibus
1196 488 1392 560 bello
1427 487 1736 585 acceptis
1769 512 1787 555 t
1822 499 1894 556 et
1923 482 2341 558 idemtidem
2360 540 2379 574 ,
2411 491 2540 558 Ca·

423 603 755 700 pitolium
792 613 1120 697 spectans
1138 652 1157 687 ,
1194 604 1444 670 Jovem
1476 598 1811 694 deosque*
1835 596 2010 666 alios
2041 595 2422 668 devocasse
2454 595 2546 667 ad

424 710 764 782 auxilium
795 708 1263 780 *fortunarum
1302 732 1626 796 suarum,
1665 720 2148 805 precatusque
2185 730 2336 778 esse
2356 761 2375 795 ,
2424 722 2544 795 ut,
2640 801 2650 812 Ο

426 845 645 917 quam
678 833 997 890 mentem
1022 819 1191 907 sibi,
1221 820 1700 917 Capitolinam
1720 816 2390 915 arcem‘protegenti
2409 872 2428 906 ,
2457 817 2549 888 ad

427 930 730 1003 salutem
752 930 1007 1027 populi
1023 931 1304 1000 romani
1327 929 1725 1016 dedissent,
1755 952 1911 999 eam
1938 925 2219 1024 populo
2243 947 2549 997 romano

428 1042 503 1111 in
541 1065 675 1111 suo
718 1039 1129 1112 discrimine
1168 1040 1466 1128 darent3
1517 1054 1589 1111 et
1629 1063 1867 1110 orasse
1904 1038 2227 1135 singulos
2258 1038 2553 1108 univer—

432 1174 730 1247 sosque,
769 1164 851 1220 ut
884 1149 1313 1247 Capitolium
1353 1164 1572 1247 atque
1615 1173 1852 1220 arcem
1891 1149 2296 1236 intuentes,
2343 1163 2426 1219 ut
2464 1147 2555 1219 ad

409 1259 607 1330 'deos
657 1261 1096 1333 immortales
1147 1262 1371 1350 versi,
1431 1260 1523 1332 de
1575 1287 1651 1332 se
1694 1260 2124 1354 judicarent.
2166 1264 2253 1328 In
2300 1283 2556 1357 campo

433 1372 690 1442 martio
717 1395 947 1468 quum
985 1363 1442 1443 centuriatim
1475 1370 1793 1468 populus
1830 1370 2204 1458 citaretur,
2249 1384 2321 1440 et
2352 1394 2556 1458 reuS,

434 1480 524 1551 ad
561 1482 995 1580 Capitolium
1022 1505 1279 1553 manus
1308 1481 1655 1569 tendens,
1688 1479 1779 1551 ab
1812 1479 2236 1550 hominibus
2264 1481 2353 1552 ad
2383 1481 2559 1551 deos

434 1615 685 1688 preces
712 1594 1080 1663 avertisset
1098 1646 1118 1677 ‚
1148 1592 1482 1690 apparuit
1513 1589 1823 1660 tribunis
1839 1586 1896 1678 ⁸,
1925 1591 2066 1660 nisi
2093 1590 2343 1660 oeulos
2376 1614 2558 1686 quo·

437 1724 580 1796 que
618 1700 1000 1771 hominum
1037 1700 1459 1773 liberassent
1505 1700 1596 1772 ab
1644 1701 1825 1770 tanti
1859 1701 2208 1772 memoria
2249 1700 2561 1791 decoris,

437 1835 814 1907 nunquam
846 1809 1002 1882 fore
1034 1814 1110 1881 in
1140 1812 1658 1909 praeoccupatis
1695 1809 2055 1882 beneficio
2089 1812 2343 1882 animis
2386 1837 2561 1883 vero

437 1921 721 1992 crimini
743 1921 1011 1993 locum.
1034 1927 1142 1993 Ita
1169 1920 1493 2020 prodicta
1517 1920 1635 1992 die
1653 1975 1672 2008 ,
1709 1921 1785 1990 in
1808 1921 2238 1993 Poetelinum
2255 1934 2288 1981 9
2318 1921 2563 1993 lucum

437 2046 637 2102 extra
674 2047 958 2128 portam
989 2037 1517 2105 Nomentanam
1540 2085 1560 2119 ,
1606 2029 1805 2102 unde
1843 2045 2275 2129 conspectus
2309 2033 2383 2101 in
2425 2036 2565 2102 Ca-

436 2141 769 2240 pitolium
798 2167 951 2213 non
978 2157 1193 2228 esset,
1225 2142 1615 2214 concilium
1643 2140 1897 2237 populi
1917 2138 2274 2211 indictum·
2289 2155 2433 2228 est;
2462 2139 2565 2212 ibi

438 2253 709 2322 crimen
739 2251 963 2323 valuit
983 2306 1002 2339 ,
1040 2266 1112 2322 et
1143 2250 1525 2322 obstinatis
1559 2251 1816 2321 animis
1849 2252 2051 2321 triste
2075 2249 2427 2344 judicium
2460 2253 2564 2321 in-

439 2362 815 2458 visumque
842 2350 1065 2434 etiam
1080 2360 1445 2456 judicibus
1470 2360 1763 2432 factum.
1793 2364 1977 2431 Sunt
2002 2361 2129 2457 qui
2156 2385 2288 2458 per
2308 2361 2574 2432 duum-

442 2470 664 2558 viros,
703 2474 832 2567 qui
865 2472 955 2554 dje
987 2471 1488 2569 perduellione
1533 2473 2039 2569 anquirerent,
2093 2487 2399 2561 creatOS,
2441 2498 2569 2543 au-

446 2592 680 2651 ctores
736 2581 880 2650 sint
941 2581 1358 2653 damnatum
1393 2596 1467 2651 ¹⁰.
1525 2582 1831 2654 Tribuni
1893 2581 1984 2654 de
2045 2607 2215 2655 saxo
2264 2587 2570 2682 Tarpeio

446 2686 947 2783 dejecerunt¹¹
991 2716 1006 2758 ε
1054 2690 1403 2786 locusque
1444 2690 1640 2760 idem
1686 2693 1759 2760 in
1797 2716 1957 2760 uuo
1985 2691 2287 2764 homine
2319 2709 2389 2765 et
2427 2698 2572 2765 exi-

518 2871 565 2917 8.
591 2868 839 2933 Apparuit
864 2867 1065 2916 tribunis
1087 2867 1156 2932 pl.
1174 2902 1189 2926 ,
1219 2866 1276 2914 in
1299 2866 1469 2914 oculos

1559 2867 1640 2932 (al.
1659 2869 1953 2925 Petelinum,
1976 2882 2031 2918 ut
2045 2873 2144 2919 vll
2156 2906 2170 2930 ,
2189 2881 2247 2927 4¹
2260 2907 2273 2931 ,
2292 2890 2341 2921 u.
2366 2891 2393 2921 2
2410 2893 2424 2932 ;
2443 2877 2575 2939 apud

446 2947 677 3006 incurrit,
695 2948 1005 3013 perspicuum
1017 2981 1031 3005 ,
1055 2963 1141 2995 seu
1161 2956 1471 3011 perspectum

1558 2947 1801 2995 Plutarch.
1819 2947 1871 2994 in
1891 2945 2099 2998 Camillo
2117 2953 2374 3004 Πετηλῖνον
2403 2953 2547 3012 ἄλσος
2561 2994 2575 3016 ,

448 3026 633 3074 fuit.—
649 3027 824 3074 Oculos
841 3025 1086 3073 hominum
1109 3025 1393 3073 liberassent
1406 3025 1472 3071 ab

450 3105 577 3151 tanti
591 3105 824 3152 memoria
840 3105 1050 3163 decoris,
1072 3104 1396 3154 removissent
1409 3102 1471 3150 ab

452 3182 607 3229 oculis
635 3183 891 3231 hominum
925 3196 1175 3248 aspectum
1211 3182 1471 3248 Capitolii,

451 3275 550 3322 quo
575 3260 974 3323 gloriosissimum
998 3263 1173 3311 Manlii
1205 3262 1393 3309 facinus
1417 3261 1470 3308 iu

451 3338 733 3385 memoriam
759 3338 819 3385 iis
851 3352 1174 3389 revocaretur.
1199 3341 1385 3390 Confer
1410 3341 1472 3387 ad

453 3433 561 3480 cap.
591 3414 754 3475 16,'n.
788 3419 917 3464 8.-
932 3419 1197 3482 Nunquam
1206 3418 1327 3483 jin-e
1350 3434 1471 3466 vero

451 3495 645 3543 crimini
677 3496 834 3543 Iocum
847 3530 863 3552 ‚
909 3496 980 3543 rei
1023 3497 1226 3543 crimine
1268 3497 1474 3544 convin-

452 3574 625 3631 cendi,
649 3575 730 3622 vel
755 3574 1043 3633 damnandi,
1068 3585 1118 3621 et
1145 3575 1362 3622 veritatis
1382 3576 1475 3622 cri·

452 3652 599 3699 minis
614 3652 882 3716 probanda
899 3652 1192 3700 facultatem.
1217 3653 1399 3701 Confer
1414 3653 1479 3701 ad

454 3733 555 3788 111,
585 3732 650 3787 46
667 3765 682 3789 ,
710 3747 761 3779 n.
791 3746 833 3777 1.
862 3731 941 3778 Sic
962 3742 1132 3778 contra
1151 3746 1270 3779 mox
1294 3730 1479 3779 dicitur

454 3809 633 3856 crimen
663 3810 855 3866 valuit,
885 3810 1131 3878 accusatio
1163 3826 1267 3857 non
1294 3811 1397 3858 sine
1427 3811 1479 3859 vi

455 3889 572 3947 fuit,
594 3899 643 3936 et
664 3889 853 3958 populo
870 3905 1150 3954 persuasum
1163 3924 1177 3948 ‚
1195 3891 1381 3938 crimen
1402 3908 1480 3940 ve·

456 3984 564 4015 rum
588 3984 711 4015 esse.

529 4062 580 4108 9.
608 4048 718 4103 Ita,
748 4046 937 4108 itaque,
953 4045 1187 4110 prodicta
1220 4047 1300 4095 die
1330 4048 1479 4113 (vide

455 4126 520 4173 ad
542 4128 618 4186 11,
642 4128 728 4188 61,
743 4142 794 4175 u.
816 4124 899 4190 6),
917 4126 967 4173 in
987 4126 1272 4175 Poetelinum
1293 4126 1478 4186 lucum,

1560 3026 1690 3090 apud
1704 3027 1845 3075 Varr.
1859 3027 1998 3091 Ling.
2013 3030 2115 3077 Lat.
2129 3031 2219 3086 IV,
2241 3032 2299 3088 83
2326 3030 2579 3090 Petilium,

1561 3105 1638 3154 vel
1656 3104 1925 3171 Poetilium)
1939 3141 1954 3164 ‚
1980 3118 2126 3155 exera
2140 3119 2341 3172 porcam
2367 3109 2580 3158 Nomen-

1561 3196 1757 3240 tanam,
1786 3184 1899 3232 vide
1924 3185 1988 3232 ad
2010 3187 2112 3243 111,
2138 3187 2230 3247 52,
2262 3205 2311 3236 n.
2338 3190 2383 3237 3.

1640 3278 1715 3311 xo.
1744 3264 1865 3311 Sunt
1893 3263 1984 3327 qm·
1993 3298 2005 3310 .
2023 3298 2035 3311 .
2052 3299 2064 3311 .
2082 3299 2094 3310 .
2114 3278 2334 3315 auctores
2358 3269 2479 3327 sint,
2512 3269 2583 3319 di-

1561 3355 1671 3391 cant
1685 3378 1698 3403 ‚
1731 3342 2017 3390 damnatum
2036 3359 2168 3403 eum,
2194 3346 2459 3408 Manlium,
2481 3367 2584 3398 esse

1552 3439 1649 3487 per
1664 3421 1938 3470 duumviros
1949 3458 1964 3479 ,
1986 3422 2076 3486 qui
2084 3422 2145 3470 de
2149 3424 2485 3486 perduellione
2500 3446 2590 3475 an-

1564 3501 1831 3564 quirerenss
1861 3512 2078 3558 creatos,
2105 3502 2217 3551 vide
2237 3502 2301 3551 ad
2326 3506 2351 3551 1
2367 3538 2381 3563 ‚
2414 3508 2510 3565 26,
2534 3525 2585 3555 n.

1567 3587 1597 3634 4
1625 3590 1674 3627 et
1701 3580 1867 3639 5311,
1896 3580 1992 3638 52,
2022 3597 2073 3628 n.
2103 3583 2168 3644 6;
2200 3594 2249 3630 et
2282 3584 2489 3643 XXVI,
2529 3588 2588 3645 3,

1565 3673 1616 3703 n.
1647 3659 1693 3705 3.

1644 3751 1723 3782 11.
1767 3736 1968 3782 Tribuni
2003 3737 2065 3783 de
2106 3755 2232 3787 saxo
2268 3739 2359 3805 (al.
2394 3756 2583 3802 monte,

1566 3828 1653 3860 seu
1680 3814 1826 3878 rupe)
1854 3814 2059 3878 Tarpeio
2075 3829 2214 3879 parte
2237 3820 2423 3867 montis
2444 3821 2591 3886 Capi-

1566 3891 1699 3949 tolii,
1726 3908 1834 3955 quae
1874 3893 2019 3940 etiam
2053 3894 2213 3959 simpl.
2245 3913 2421 3947 saxum
2460 3902 2591 3949 dice-

1565 3971 1725 4028 batur,
1744 3982 1802 4018 ut
1832 3973 2023 4028 XXIV,
2052 3988 2142 4032 20,
2181 3992 2230 4023 n.
2266 3984 2323 4040 ἀς
2349 3988 2396 4025 et
2423 3981 2592 4048 XXV,

1573 4067 1620 4111 7,
1642 4048 1692 4112 8)
1710 4049 2007 4115 dejecerunt,
2027 4050 2172 4112 dejici
2194 4070 2303 4102 eum
2318 4056 2566 4116 jusserunt
2579 4093 2594 4115 ,

1573 4128 1932 4178 decreverunt:
1964 4146 2110 4193 quam
2148 4148 2343 4196 poeuam
2377 4136 2459 4184 ille
2496 4140 2596 4202 pri-
