3000 4717
2152 324 2199 361 A.
2225 322 2273 361 c.
2300 324 2528 378 ³⁴⁸-³⁴7·

472 340 609 414 380
1309 345 1384 410 Τ.
1452 346 1513 412 L
1526 348 1557 412 Ι
1576 346 1637 414 V
1652 344 1730 412 ΙῙ
2153 383 2207 421 u.
2226 384 2273 423 c.
2301 386 2525 432 404-405.

467 461 716 562 plebes
746 460 1057 532 volebat.
1106 465 1256 533 Nec
1292 464 1644 535 variatum
1678 463 1983 535 comitiis
2018 475 2125 534 cst
2146 518 2165 549 ‚
2200 465 2379 559 quin
2413 488 2585 535 cum

464 575 733 647 Manlio
782 579 999 646 Cnaeo
1038 598 1293 645 censor
1331 576 1639 648 Marcius
1693 589 2077 648 crearetur.
2133 575 2580 646 Dictatorem

467 710 764 784 quoque
807 685 921 756 hic
957 710 1189 756 annus
1239 684 1492 757 habuit
1536 690 1633 758 M.
1678 686 2004 774 Fabium,
2057 685 2259 757 nullo
2304 700 2582 758 terrore

464 797 672 885 belli,
700 795 826 869 sed
853 821 949 867 ne
981 796 1217 867 licinia
1254 796 1368 867 lex
1391 793 1420 839 ⁵
1443 797 1751 868 comitiis
1792 794 2287 868 consularibus
2329 795 2584 867 obser-

466 921 774 979 varetur.
822 908 1160 1004 Magister
1195 910 1522 1004 equitum
1566 907 1899 979 dictatori
1952 906 2233 979 additus
2275 911 2363 998 Q.
2415 910 2579 977 Ser-

466 1018 676 1090 vilius
713 1047 729 1088 t
774 1042 911 1089 nec
980 1032 1221 1088 tamen
1270 1018 1623 1090 dictatura
1673 1019 2157 1117 potentiorem
2206 1042 2371 1088 eum
2418 1029 2587 1088 c‘on·

469 1155 760 1203 sensum
815 1134 1105 1200 Patrum
1161 1128 1658 1201 consularibus
1720 1129 2025 1200 comitiis
2088 1127 2253 1200 fecit
2280 1185 2298 1218 ‚
2362 1153 2580 1223 quam

470 1243 810 1314 censoriis
846 1240 1098 1315 fuerat.

563 1357 824 1423 XXIII.
848 1357 940 1423 M.
956 1353 1299 1451 Popillius
1321 1359 1570 1426 Laenas
1597 1380 1635 1426 a
1656 1354 1869 1453 plebe
1896 1355 2180 1442 consul,
2204 1351 2584 1425 aPatribus

468 1467 550 1535 L.
573 1462 949 1534 Cornelius
968 1465 1204 1562 Scipio
1223 1465 1452 1536 datus.
1476 1471 1792 1536 Fortuna
1814 1491 2108 1562 quoque
2123 1464 2583 1535 illustriorem

468 1571 835 1670 plebeium
870 1574 1244 1647 consulem
1273 1574 1472 1665 fecit3
1504 1601 1669 1647 nam
1702 1601 1926 1673 quum
1960 1577 2325 1674 ingentem
2356 1572 2585 1644 Gallo-

469 1707 635 1753 rum
679 1685 1068 1754 exercitum
1102 1687 1178 1756 in
1214 1710 1386 1783 agro
1418 1685 1648 1758 latino
1686 1701 1910 1758 castra
1944 1686 2264 1784 posuisse
2295 1684 2582 1754 nuntia·

473 1807 627 1865 tum
673 1809 897 1881 esset3
936 1796 1269 1896 Scipione
1312 1799 1507 1895 gravi
1536 1796 1797 1869 morbo
1833 1796 2181 1894 implicito
2197 1849 2218 1882 ‚
2252 1793 2585 1892 gallicum

473 1903 749 1976 bellum
795 1907 1100 2004 Popillio
1147 1922 1346 1980 extra
1391 1907 1720 1981 ordinem
1757 1908 2007 1980 datum
2030 1919 2081 1977 ¹.
2126 1910 2196 1977 Is
2216 1959 2234 1993 ‚
2284 1904 2586 2001 impigre

475 2018 794 2088 exercitu
818 2018 1087 2116 scripto
1103 2072 1121 2106 ‚
1142 2043 1372 2116 quum
1399 2044 1652 2091 omnes
1683 2034 1883 2091 extra
1907 2033 2189 2116 portam
2227 2019 2588 2112 Capenam

475 2127 562 2197 ad
594 2130 840 2200 Martis
876 2129 1100 2201 aedem
1128 2130 1514 2200 convenire
1537 2144 1848 2201 armatos
1880 2128 2204 2224 juniores
2235 2125 2585 2220 jussisset,

476 2238 819 2335 signaque
865 2238 1120 2310 eodem
1156 2254 1550 2336 quaestores
1590 2265 1678 2311 ex
1723 2239 1970 2310 aerario
2013 2234 2290 2308 deferre
2306 2246 2360 2322 ²,
2407 2256 2589 2329 qua-

476 2361 644 2417 tuor
684 2348 984 2444 expletis
1022 2348 1462 2445 legionibus,‚
1506 2348 1707 2446 quod
1750 2346 2104 2448 superfuit
2137 2348 2478 2431 militum,
2509 2349 2583 2414 P.

475 2456 762 2528 Valerio
813 2455 1191 2527 Publicolae
1250 2460 1541 2557 praetori
1597 2458 1927 2548 tradidit;
1976 2472 2227 2529 auctor
2263 2452 2588 2526 Patribus

475 2563 833 2636 scribendi
880 2563 1172 2638 alterius
1218 2571 1571 2641 exercitus
1595 2625 1614 2658 ‚
1669 2568 1870 2668 quod
1921 2568 2011 2639 ad
2053 2569 2369 2638 incertos
2418 2562 2592 2634 belli

481 2690 781 2746 eventus
832 2674 1236 2749 subsidium
1274 2680 1689 2779 reipublicae
1733 2694 1937 2752 esset.
1986 2684 2148 2775 Ipse
2171 2731 2190 2764 ‚
2229 2675 2377 2771 jam
2425 2672 2589 2743 satis

478 2784 815 2856 omnibus
829 2786 1202 2860 instructis
1231 2793 1843 2889 comparatisque,
1883 2787 1974 2860 ad
2001 2787 2283 2858 hostem
2322 2784 2588 2882 pergin

481 2895 684 2987 cujus
722 2909 805 2965 ut
849 2896 1047 2992 prius
1082 2914 1414 2970 nosceret
1454 2902 1641 2972 vires
1664 2955 1683 2986 ‚
1717 2922 1935 2996 quam
1973 2896 2296 2995 periculo
2336 2894 2591 2964 ultimo

482 3078 784 3127 Gronovius:
803 3078 1024 3132 Censurae,
1040 3097 1231 3146 quoque
1243 3081 1293 3128 in
1302 3093 1496 3146 partem
1582 3082 1906 3143 conjecturam
1918 3080 2073 3130 Gron.
2092 3094 2320 3128 censura.
2333 3075 2512 3128 Confer
2527 3073 2594 3121 ad

481 3155 658 3203 ‘vocam‘
671 3157 834 3219 plebes
857 3160 1069 3207 volebat.
1089 3160 1183 3208 Sed
1201 3160 1322 3226 nihil
1340 3172 1493 3207 muta·
1580 3162 1671 3217 IV,
1692 3160 1757 3207 35
1768 3194 1782 3216 ‚
1806 3173 1858 3210 n.
1878 3175 1936 3218 23
1958 3170 2006 3207 et
2023 3161 2089 3215 V,
2118 3175 2145 3204 2
2160 3173 2179 3203 ι
2197 3191 2211 3214 ,
2237 3173 2287 3204 ιι.
2310 3165 2359 3212 4.
2381 3182 2450 3194 —-·-
2475 3154 2593 3200 Cum

482 3236 619 3282 tione
657 3250 798 3298 opus.
824 3236 1080 3301 Vulgatam
1119 3249 1284 3286 tuetur
1327 3239 1492 3285 Livius

482 3307 574 3361 lv,
599 3306 692 3354 35:
714 3306 787 3354 ad
793 3323 924 3371 spem
940 3308 1215 3356 consulatus
1233 3308 1282 3356 in
1299 3321 1495 3373 partem

483 3385 804 3432 revocandam
835 3385 1101 3449 adspirare.
1141 3388 1368 3436 Similiter
1405 3389 1493 3436 lib.

485 3467 558 3513 v1
574 3499 589 3523 ‚
634 3481 739 3529 cap.
778 3472 842 3520 40
858 3499 871 3522 ,
922 3464 1120 3512 hoccine
1162 3478 1233 3513 est
1269 3467 1318 3514 in
1365 3451 1493 3515 corta·

484 3561 628 3594 mune
665 3544 867 3593 honores
899 3559 1083 3592 vocare
1094 3578 1111 3602 ,
1160 3557 1215 3593 ut
1249 3546 1370 3594 duos
1394 3548 1497 3611 plo-

486 3625 614 3673 beios
638 3624 763 3692 fieri
797 3623 1011 3673 consules
1047 3623 1217 3682 liceat,
1264 3637 1356 3674 etc.
1403 3628 1493 3674 En.

484 3704 611 3753 Nam
640 3720 718 3751 res
744 3703 923 3751 dicitur
951 3702 1000 3750 in
1018 3714 1214 3767 partem
1241 3703 1419 3752 vocari
1447 3716 1497 3754 et

486 3782 728 3839 revocari,
771 3797 879 3845 quae
916 3793 1170 3831 revocatur
1201 3783 1264 3830 ad
1296 3784 1499 3832 divido-

486 3876 623 3919 nem,
639 3871 868 3924 tanquam
890 3877 998 3924 quae
1016 3863 1287 3911 communis
1311 3864 1376 3912 sit
1394 3863 1499 3929 ple-

484 3939 609 3985 beiis
626 3949 675 3985 et
695 3940 934 4002 patriciis,
962 3957 1060 4004 quo
1078 3942 1240 4004 plures
1265 3942 1368 4002 ejus
1384 3959 1495 4007 par·

483 4016 658 4078 tieipes
679 4014 820 4074 flant3
842 4029 898 4066 ut
922 4035 1030 4082 sup.
1056 4019 1091 4066 l.
1110 4021 1144 4068 1.
1170 4020 1220 4067 in
1245 4037 1495 4069 commune

1580 3236 1768 3285 Manlio
1798 3238 1970 3293 Οηωο,
2000 3237 2114 3285 vide
2133 3236 2193 3283 ad
2211 3237 2317 3292 111,
2353 3251 2372 3281 1
2389 3269 2404 3293 ‚
2428 3251 2480 3281 n.
2512 3249 2554 3279 1.

1653 3318 1699 3368 5.
1725 3315 1914 3365 Licinia
1938 3316 2047 3374 Iex,
2073 3315 2187 3364 vide
2213 3315 2276 3366 ad
2297 3330 2402 3379 cap.
2428 3328 2490 3360 21
2505 3347 2520 3371 ,
2539 3328 2593 3362 n.

1588 3411 1711 3444 1.—
1727 3395 2077 3453 Potentiorem,
2103 3393 2456 3446 efficaciorem:
2481 3407 2594 3439 nam

1584 3486 1632 3522 et
1657 3475 1708 3522 in
1724 3473 1803 3522 his
1829 3474 2040 3522 comitiis
2062 3472 2200 3538 plebs
2226 3472 2360 3519 vicit.

1652 3553 1772 3602 Cu.
1808 3553 2005 3599 xxm.
2047 3565 2090 3599 ι.
2141 3548 2383 3599 Gallicum
2422 3547 2595 3595 bellum

1582 3632 1791 3695 Popillio
1808 3630 2033 3697 (tertium
2047 3629 2235 3677 consuli
2249 3664 2263 3687 ,
2283 3628 2419 3691 quod
2430 3627 2593 3673 Livius

1584 3726 1711 3774 saepe
1736 3726 1838 3757 non
1859 3707 2054 3772 adjicit)
2095 3720 2239 3755 extra
2265 3707 2483 3754 ordinem
2504 3705 2594 3751 da·

1585 3801 1713 3846 eum,
1756 3788 1870 3836 vide
1909 3787 1972 3836 ad
1997 3790 2099 3846 111,
2140 3804 2168 3835 a
2190 3822 2204 3845 ‚
2249 3802 2296 3833 n.
2343 3801 2385 3832 ι.
2429 3783 2593 3832 Gallos

1583 3879 1768 3916 terrore
1788 3867 2039 3931 perculsos
2058 3866 2255 3914 domum
2278 3864 2476 3912 rediisse
2498 3875 2592 3911 tra-

1582 3946 1656 3995 dit
1672 3946 1846 4010 Polyb.
1874 3948 1950 4005 11,
1981 3960 2058 4007 19.

1653 4042 1700 4072 2.
1726 4025 1874 4090 Signa
1912 4035 2170 4089 quoestores
2206 4039 2273 4070 ea·
2306 4022 2482 4069 aerario
2510 4020 2594 4068 de-

484 4109 685 4147 vocare,-
701 4095 849 4142 Drak.
870 4096 955 4157 qui
966 4107 1125 4144 tamen
1137 4100 1495 4162 nonitnprobat
1566 4103 1706 4166 ferre
1724 4121 1742 4150 .·
1764 4104 1877 4150 vide
1905 4104 1967 4152 ad
1993 4107 2043 4151 11
2045 4107 2092 4160 1,
2112 4103 2203 4162 69,
2230 4119 2279 4148 n·
2309 4117 2352 4160 7·
