3000 4717
538 347 622 417 50
724 373 731 379 ·
1374 349 1449 413 Τ.
1518 345 1805 414 len
2028 361 2034 390 ⁴
2223 325 2347 425 ztfi:
2375 327 2601 427 33:331:

533 469 828 569 quillior
843 467 1011 541 fuit:
1042 469 1284 564 itaque
1305 492 1532 563 quum
1553 467 2052 538 renuntiatum,
2069 491 2110 537 a
2127 461 2653 542 mereatoribus

532 595 753 669 esset,
790 592 1046 676 negata
1064 575 1487 652 Veientibus
1520 576 1812 672 aurilia,
1841 575 2223 673 jussosque
2250 602 2382 648 suo
2413 581 2653 650 consi-

534 695 631 765 lio
653 693 930 768 bellum
952 693 1213 766 initum
1230 691 1375 762 suis
1395 688 1668 759 viribus
1698 690 2014 784 exsequi,
2036 713 2172 760 nec
2192 688 2651 760 adversarum

533 828 775 876 rerum
814 826 1134 899 quaerere
1181 801 1450 888 sociOS,
1488 824 1656 874 cum
1697 797 1963 895 quibus
2003 823 2206 895 spem
2230 809 2258 839 ²
2299 800 2652 895 integram

532 907 1043 987 communicati
1070 936 1222 984 non
1253 910 1433 997 sint;
1466 924 1624 980 tum
1653 910 1989 1004 dictator,
2025 935 2117 988 ne
2154 908 2651 1005 nequidquam

532 1039 817 1096 creatus
838 1036 1053 1111 esset,
1068 1022 1367 1110 materia
1385 1020 1789 1117 quoerendae
1813 1018 2011 1091 bello
2035 1020 2274 1116 gloriae
2293 1019 2649 1119 adempta,

529 1137 605 1208 in
627 1159 800 1231 pace
831 1129 1106 1229 aliquid
1133 1133 1372 1229 operis
1392 1131 1607 1203 edere
1624 1187 1643 1221 ,
1679 1130 1879 1228 quod
1905 1132 2439 1206 monimentum
2467 1145 2653 1201 esset

529 1246 932 1332 dictaturae,
963 1244 1292 1342 cupienS,
1324 1267 1700 1313 censuram
1740 1243 2069 1316 minuere
2114 1256 2353 1339 parat,
2384 1268 2510 1314 seu
2537 1244 2652 1313 ni‘-

526 1358 745 1428 miam
769 1369 1198 1452 potestatem
1220 1367 1419 1425 ratus
1436 1409 1456 1442 ,
1485 1378 1626 1426 seu
1643 1369 1961 1424 nontam
1990 1352 2486 1450 magnitudine
2514 1351 2654 1426 ho-

526 1468 723 1540 noris
746 1521 765 1551 ,
809 1490 1029 1561 quam
1064 1465 1577 1550 diuturnitate,
1612 1462 1954 1550 offensm.
1991 1464 2361 1534 Concione
2405 1462 2651 1558 itaque

526 1577 868 1648 advocata
881 1630 901 1659 ,
920 1575 1398 1669 rempublicam
1416 1569 1635 1665 3s0r125
1640 1576 2004 1670 gerendam
2015 1629 2035 1661 ,
2056 1575 2152 1644 ait
2168 1626 2190 1662 ,
2210 1592 2488 1669 tutaque
2506 1598 2654 1643 om-

525 1693 643 1756 nia
653 1684 1073 1782 praestanda
1088 1737 1109 1769 ,
1142 1683 1307 1754 deos
1334 1688 1751 1755 immortales
1776 1693 2144 1782 sus-cepisse
2161 1712 2183 1754 .·
2202 1711 2306 1773 se,
2340 1686 2533 1784 quod
2549 1691 2657 1753 in-

525 1814 634 1865 tra
659 1820 885 1866 muros
913 1793 1251 1890 agendum
1276 1813 1482 1881 esset,
1515 1795 1813 1866 libertati
1814 1799 2072 1891 populi
2091 1802 2366 1886 romani
2383 1797 2654 1868 consul-

521 1923 742 1978 turum
759 1931 780 1973 .·
810 1909 1185 1975 maximam
1210 1922 1436 1976 autem
1480 1903 1628 1994 ejus
1657 1903 2043 1998 custodiam
2084 1930 2228 1973 esse
2241 1958 2261 1990 ,
2301 1912 2367 1978 sc'
2394 1929 2653 2002 magna

521 2020 849 2112 imperia
870 2014 1210 2084 diuturna
1246 2038 1394 2083 non
1434 2030 1661 2083 essent
1669 2041 1696 2101 ,·
1731 2029 1803 2082 ec
1834 2020 2168 2110 temporis
2213 2016 2474 2086 modus
2520 2022 2677 2101 im<

512 2138 933 2221 poneretur,
967 2112 1227 2221 quibus
1246 2126 1443 2223 jur-tls·
1479 2127 1761 2218 imponi
1784 2146 1933 2192 non
1963 2138 2249 2218 possec;
2284 2122 2463 2195 alios
2491 2151 2654 2194 ma-

408 2285 415 2294 ·
515 2243 842 2332 gz‘stratus
870 2240 1153 2307 annuos
1181 2259 1359 2319 esse,
1385 2231 1993 2329 quinquennalem
2015 2256 2391 2302 censuram
2406 2260 2426 2300 .·
2435 2256 2658 2327 grave

442 2387 447 2391 ,
524 2371 670 2416 esse
687 2399 709 2430 ,
745 2346 1001 2418 iisdem
1019 2370 1160 2441 per
1185 2359 1292 2414 tot
1312 2366 1546 2413 annos
1572 2367 1837 2438 magna
1856 2358 2071 2439 parte
2096 2349 2266 2413 vitoe
2291 2343 2657 2416 obnoxios

518 2462 804 2523 vivere:
836 2479 913 2523 se
942 2452 1177 2550 legem
1207 2451 1516 2537 laturum
1529 2504 1551 2536 ,
1578 2476 1671 2521 ne
1680 2451 1879 2548 pluS,
1900 2477 2125 2548 quam
2154 2477 2409 2523 annua
2434 2476 2523 2522 ac
2547 2477 2654 2522 se-

518 2565 816 2647 mestriS,
849 2585 1153 2632 censura
1185 2576 1374 2646 esset.
1407 2565 1783 2631 Consensu
1820 2563 2097 2660 ingenti
2125 2561 2380 2660 populi
2416 2562 2652 2660 legem

518 2683 811 2767 postero
837 2665 954 2740 die
983 2670 1320 2766 pertulit,
1348 2685 1458 2759 et,
1484 2686 1568 2741 uc
1582 2675 1660 2741 re
1684 2678 1879 2769 ipsa,
1903 2673 2174 2769 inquit,
2194 2675 2462 2759 sciam,
2488 2673 2653 2761 Qui-

516 2786 715 2865 rites,
755 2804 981 2875 quam
1017 2780 1200 2849 mihi
1223 2780 1579 2865 diuturna
1614 2806 1763 2856 non
1790 2782 2150 2880 placeant
2175 2789 2511 2880 z’stmperza
2547 2780 2649 2851 de·-

515 2906 796 2962 ctacura
820 2914 934 2961 me
949 2890 1224 2964 abdzco.
1237 2893 1588 2989 Deposito
1602 2916 1735 2970 suo
1750 2895 2192 2991 magistratu,
2211 2892 2469 2964 modo‘*
2484 2871 2648 2962 alio-

512 3067 715 3126 bellum,
725 3068 861 3130 quod
875 3080 1012 3116 tauto
1024 3069 1345 3133 apparabatur
1358 3081 1538 3120 conatu
1625 3071 1783 3119 Attic.
1806 3074 1856 3119 ΙΙ
1872 3105 1886 3129 ,
1924 3086 2006 3130 1⁰7,
2029 3083 2079 3118 et
2104 3072 2326 3119 Perizon.
2363 3071 2428 3119 ad
2463 3070 2646 3134 Sanetii

513 3156 563 3193 et
586 3156 839 3209 tantopere
859 3147 1180 3203 metuebatur,
1203 3162 1306 3196 non
1328 3148 1536 3208 exarsit,
1626 3150 1837 3197 Minerv.
1867 3152 1890 3195 1
1903 3183 1926 3210 ‚
1956 3151 2044 3207 15,
2075 3157 2137 3209 43
2169 3149 2520 3214 communicari
2546 3164 2645 3196 mm

515 3223 601 3271 sed
628 3224 954 3287 compositum
982 3234 1068 3272 est.
1625 3228 1765 3274 sirint
1796 3227 1988 3290 emend.
2018 3229 2190 3278 Jacob.
2221 3230 2442 3277 Gronov.
2475 3228 2563 3275 sed
2589 3228 2646 3278 τὸ

586 3319 636 3350 2.
662 3303 801 3366 Spem
816 3301 1000 3367 (felleis
1021 3311 1222 3350 eventus
1242 3300 1391 3366 belli)
1413 3302 1534 3352 ince-
1621 3306 1764 3353 sirint
1782 3323 1885 3353 non
1910 3306 2010 3355 fere
2026 3341 2040 3365 ,
2074 3308 2166 3356 nisi
2195 3307 2248 3354 in
2268 3307 2441 3371 priscis
2465 3307 2647 3356 formu·

507 3397 679 3446 gram,
701 3397 846 3444 quam
864 3392 970 3427 tum
993 3380 1200 3432 aluerint
1222 3381 1420 3427 etalere
1441 3397 1534 3445 po·
1620 3384 1705 3442 lis,
1737 3385 2014 3434 adhibetur.

433 3494 444 3502 .
477 3501 481 3505 .
514 3460 695 3508 tuerint
708 3494 721 3520 ,
742 3476 892 3523 quum
909 3475 987 3505 res
1004 3458 1162 3505 adhuc
1176 3460 1361 3522 integra
1379 3472 1532 3520 esset,
1693 3465 1739 3510 3.
1762 3465 2121 3532 Rempublieatq
2130 3463 2261 3529 fhris
2279 3462 2572 3528 gerendam,
2597 3479 2644 3511 v.

512 3555 670 3603 neque
687 3539 870 3586 bellum
888 3549 1025 3586 tanto
1051 3549 1230 3586 conatu
1247 3554 1274 3584 a
1297 3539 1530 3586 Romanis
1619 3541 1682 3588 ad
1702 3544 1778 3601 11,
1805 3544 1898 3603 64,
1920 3561 1971 3591 n.
1999 3545 2048 3606 3ἢ
2062 3545 2318 3608 ——Legem
2339 3551 2539 3605 postero
2568 3540 2648 3588 die

512 3629 820 3682 apparatum3
834 3616 1177 3665 communicati
1184 3617 1279 3663 sinc
1287 3618 1439 3665 forma
1451 3618 1532 3667 de·
1608 3622 1814 3684 perculit
1830 3640 1847 3669 .·
1877 3641 1940 3670 ex
1957 3624 2035 3670 his
2058 3623 2220 3671 verbis
2241 3619 2430 3681 colligit
2460 3618 2645 3667 Gruch.

511 3698 783 3760 ponentiali·
817 3696 893 3745 vel
928 3713 1055 3761 pass.
1096 3696 1276 3746 dieitur
1308 3712 1400 3761 pro
1435 3708 1527 3752 act.
1619 3699 1680 3748 de
1707 3701 1886 3749 Comit.
1911 3705 1964 3761 I,
1996 3711 2052 3760 4,
2075 3719 2127 3766 p.
2161 3702 2254 3762 813
2292 3709 2396 3746 tum
2422 3697 2647 3760 nondum

512 3776 965 3836 communicaverint
972 3796 993 3834 ;
1014 3787 1069 3824 ut
1070 3775 1317 3844 fluctuari
1332 3790 1424 3840 pro
1426 3775 1534 3841 flu-
1624 3779 1889 3843 quidquam
1913 3781 1976 3828 de
1991 3780 2180 3843 legibus
2197 3794 2287 3842 per
2304 3775 2645 3842 trinundinurn

513 3864 680 3899 ccuare
724 3856 905 3904 XXIII
927 3890 941 3913 ‚
989 3857 1089 3915 333
1140 3857 1345 3904 XXXII
1362 3890 1376 3914 ,
1429 3857 1493 3902 13
1513 3873 1532 3915 ¹;
1621 3860 1988 3923 promulgandis
2010 3857 2334 3924 constitutum
2354 3855 2520 3903 fuisse.

515 3932 772 3989 xxxvl,
804 3947 866 3978 10
882 3967 897 3991 ,
921 3945 968 3981 et
994 3934 1182 3981 similia.
1213 3934 1356 3982 Conf.
1382 3934 1532 3981 Drak.
1694 3945 1742 3993 4.
1766 3938 1919 3994 Modo
1938 3936 2150 3986 aliorum.
2164 3934 2478 4000 magistratui
2493 3933 2647 3998 impo-

515 4007 578 4055 acl
600 4008 653 4058 h..
681 4009 714 4054 l.
738 4011 883 4057 Voss.
914 4013 1123 4058 Gramm.
1144 4014 1218 4069 V,
1248 4012 1305 4070 53
1338 4013 1532 4060 Ernesti
1621 4014 1748 4072 5120,
1778 4016 1883 4063 scil,
1912 4030 2158 4074 censurae,
2171 4014 2284 4082 fine
2317 4012 2464 4059 alteri
2472 4046 2489 4072 ‚
2517 4012 2646 4076 forte

512 4087 634 4133 clav.
656 4086 758 4134 Cic.
788 4104 834 4135 v.
849 4089 1023 4151 puniri
1028 4108 1049 4146 ;
1077 4092 1237 4136 Graev.
1257 4090 1318 4137 ad
1339 4092 1444 4140 Cic.
1465 4092 1529 4139 ad
1619 4094 1897 4158 magisterio
1918 4092 2164 4155 equitum:
2187 4092 2282 4154 :sed¹
2299 4090 2398 4140 hoe
2421 4108 2484 4139 ex
2502 4107 2553 4142 se
2565 4090 2646 4140 in-
