3000 4717
485 390 628 481 1⁴90
1319 389 1394 454 T.
1463 391 1743 462 leu
2307 376 2364 473 21
2388 378 2435 476 {³22
2463 379 2557 489 2332

483 514 875 580 Tarentum
890 509 1447 604 commigravere
1475 536 1490 577 ε
1519 511 1645 582 sed
1661 566 1680 600 ‚
1706 513 1963 583 amissa
1987 514 2190 583 omni
2214 512 2304 583 de
2320 535 2399 584 se
2414 528 2609 611 pote·

487 632 666 691 state
687 614 740 706 ⁵,
761 619 938 689 nihil
965 619 1152 689 ultra
1169 671 1190 706 ,
1209 639 1428 716 quam
1452 633 1535 691 ut
1554 625 1941 720 poeniteret
1959 622 2249 710 frustra,
2265 623 2604 700 restabat.

580 733 909 804 XXVIII.
964 737 1070 802 Eo
1122 751 1316 801 anno
1366 729 1563 830 plebi
1618 757 1932 806 romanae
1982 735 2180 807 velut
2227 734 2422 806 aliud
2469 737 2608 805 ini-

482 846 666 913 tium
726 842 1075 913 libertatis
1123 839 1392 913 factum
1445 858 1588 931 est,
1647 845 1849 942 quod
1898 848 2096 918 necti
2120 856 2140 888 ¹
2185 845 2606 917 desierunt:

482 966 840 1024 mutatum
883 966 1126 1024 autem
1156 953 1272 1047 jus
1322 949 1419 1024 ob
1464 956 1684 1026 unius
1727 954 2149 1028 feneratoris
2187 955 2402 1050 simul
2444 954 2604 1025 libi-

483 1063 762 1153 dinem,
809 1063 1020 1134 simul
1069 1063 1569 1134 crudelitatem
1620 1065 1999 1161 insignem.
2052 1065 2134 1136 L.
2184 1064 2506 1161 Papirius
2545 1064 2606 1133 is

483 1172 714 1245 suiv:
760 1175 876 1247 cui
924 1191 1152 1269 quum
1195 1195 1269 1243 se
1317 1175 1393 1242 C.
1438 1173 1786 1245 Publilius
1835 1174 1937 1245 ob
1978 1195 2072 1245 aes
2113 1175 2430 1245 alienum
2479 1197 2608 1270 pa-

483 1298 775 1356 ternum
820 1303 1091 1355 nexum
1127 1275 1471 1369 dedissem
1511 1303 1671 1381 quae
1716 1297 1880 1355 aetas
1914 1283 2291 1381 formaque
2329 1284 2608 1354 miseri-

484 1394 804 1468 cordiam
833 1394 1090 1465 elicere
1125 1405 1441 1491 poterat‚
1469 1394 1560 1465 ad
1590 1394 1965 1466 libidinem
1995 1409 2069 1467 et
2099 1393 2607 1465 contumeliam

484 1507 806 1576 animum
841 1503 1372 1578 accenderunt:
1404 1520 1514 1594 et,
1559 1505 1813 1582 florem
1845 1507 2067 1576 aetatis
2111 1506 2267 1600 ejus
2293 1503 2607 1576 fructum

482 1615 958 1687 adventitium
987 1605 1282 1687 crediti³
1313 1627 1512 1687 ratus
1527 1672 1545 1705 ‚
1570 1619 1808 1714 primo
1831 1616 2176 1714 perlicere
2199 1613 2606 1686 adolescen-

484 1740 634 1797 tem
688 1747 1017 1797 sermone
1065 1728 1342 1799 incesto
1386 1739 1494 1799 est
1543 1741 1846 1798 conatus
1897 1751 1913 1796 ε
1960 1726 2129 1798 dein
2151 1782 2170 1814 ‚
2220 1740 2606 1824 postquam

486 1837 1061 1934 aspernabantur
1096 1837 1445 1937 flagitium
1492 1861 1702 1910 aures
1724 1894 1742 1927 ‚
1787 1839 2003 1908 minis
2027 1839 2357 1908 territare
2392 1851 2608 1933 atque

485 1947 890 2020 identidem
927 1950 1320 2022 admonere
1356 1948 1666 2021 fortunae
1706 1976 1721 2017 ε
1763 1963 2171 2047 postremo,
2211 1969 2441 2045 quum
2494 1948 2609 2016 in-

484 2061 867 2155 genuitatis
893 2062 1156 2158 magis,
1189 2083 1407 2156 quam
1442 2061 1812 2157 praesentis
1839 2059 2306 2148 conditionis,
2342 2081 2612 2128 memo·

477 2189 636 2240 rem
662 2171 938 2242 videret
959 2227 978 2260 ‚
1001 2171 1260 2242 nudari
1279 2169 1490 2265 jubet
1507 2227 1525 2260 ‚
1553 2170 2000 2267 verberaque
2029 2168 2292 2241 afferri.
2324 2166 2606 2255 Quibus

481 2275 832 2351 laceratus
853 2281 1172 2375 juvenis,
1198 2303 1428 2376 quum
1459 2281 1632 2351 sein
1661 2280 2078 2377 publicum⁴
2100 2277 2567 2377 proripuisset
2585 2330 2605 2363 ,

480 2384 896 2473 libidinem,
945 2389 1595 2484 crudelitatemque
1641 2409 2099 2486 conquerens
2143 2387 2606 2473 feneratoriS‚

480 2495 736 2591 ingens
771 2498 877 2567 vis
911 2497 1296 2568 hominum
1316 2552 1335 2586 ‚
1375 2519 1604 2594 quum
1639 2500 1864 2570 aetatis
1899 2500 2354 2571 miseratione
2392 2512 2609 2593 atque

480 2605 908 2703 indignitate
949 2608 1227 2702 inJ’uriae
1275 2631 1604 2698 accensa,
1658 2620 1815 2678 tum
1860 2633 2004 2680 suae
2049 2607 2484 2680 conditionis
2521 2606 2607 2675 li·

549 2801 597 2849 5.
620 2803 818 2852 Amissa
838 2804 974 2851 omni
1001 2803 1061 2851 de
1091 2821 1167 2862 se,
1196 2804 1384 2852 scilicet
1401 2815 1501 2854 sta-

478 2877 649 2928 tuendi
660 2893 933 2944 potestate,
960 2895 1015 2930 ut
1040 2900 1209 2930 sensus
1228 2884 1316 2941 sit,
1337 2883 1501 2930 omnia

476 2957 598 3021 ipsis
621 2960 807 3024 integra
835 2971 938 3008 no'rn
962 2959 1140 3020 fuisse,
1169 2977 1261 3009 nec
1282 2961 1503 3026 potuisse

479 3115 586 3165 Cic.
611 3134 659 3181 p.
687 3118 813 3164 Flac.
844 3135 871 3165 2
890 3152 906 3177 ,
933 3130 981 3167 et
999 3120 1052 3165 in
1075 3131 1196 3167 orat.
1218 3130 1331 3167 ante
1347 3134 1494 3182 quam

477 3191 570 3241 iret
588 3195 640 3241 in
668 3195 805 3242 exsil.
825 3213 932 3261 cap.
954 3199 986 3243 6
999 3231 1013 3255 ,
1034 3191 1120 3244 flu.
1144 3195 1328 3245 stroth.
1348 3197 1495 3244 amis·

475 3289 560 3331 sa,
585 3275 800 3339 :receptis
813 3275 867 3322 in
878 3276 987 3323 loca
1001 3277 1190 3324 munita
1206 3275 1493 3324 Sum-itinn

474 3353 743 3417 praesidiiu
771 3355 922 3403 Drak.

546 3433 666 3481 Cu’.
694 3435 936 3481 XXVIII.
969 3449 1011 3480 1.
1035 3433 1181 3495 Quod
1197 3433 1325 3480 necti
1343 3432 1491 3480 desie-

475 3517 610 3569 runt,
630 3523 685 3559 ut
703 3521 820 3558 mox
836 3527 888 3558 se
906 3523 1086 3558 nexum
1100 3511 1308 3559 dedisset
1318 3522 1366 3559 et
1384 3523 1491 3576 cap.

477 3601 602 3642 eutr.
627 3605 760 3638 nexu
785 3591 959 3648 soluti,-
984 3590 1104 3638 vide
1127 3591 1193 3638 ad
1218 3587 1295 3649 11,
1325 3591 1388 3637 23
1405 3626 1420 3649 ,
1445 3605 1496 3638 n.

421 3667 424 3668 ⁷
485 3686 528 3717 1.
551 3698 618 3708 -
642 3670 792 3733 Quod
813 3671 866 3718 in
903 3670 1185 3718 servitutem
1212 3670 1319 3718 dari
1345 3670 1497 3717 credi-

477 3749 666 3796 toribus
694 3743 939 3797 debitores
967 3741 1229 3797 desierunt.
1268 3745 1496 3813 Sigonius

472 3825 677 3884 jusserat
687 3828 782 3892 legi
797 3827 933 3891 quod
943 3828 1090 3894 ligari
1099 3828 1218 3874 nexi
1225 3827 1470 3875 desierunt
1475 3862 1491 3884 ,

476 3903 619 3966 eique
641 3901 863 3954 obsecuti
883 3905 1072 3954 ruerant
1093 3903 1314 3971 plerique
1338 3901 1497 3954 edito-

477 3997 554 4028 res
569 4015 583 4039 ,
608 3999 756 4044 quum
775 3984 982 4032 absurda
1001 3995 1126 4032 esset
1146 3984 1253 4031 haec
1277 3977 1498 4031 emenda-

478 4059 577 4117 tio;
624 4060 709 4121 qui
748 4059 876 4108 euim
914 4063 1034 4118 nexi
1072 4073 1208 4121 sunt,
1254 4079 1339 4109 eos
1366 4071 1496 4110 certe

476 4137 598 4184 nihil
618 4137 718 4196 jam
742 4151 866 4199 opus
899 4150 972 4186 est
997 4133 1157 4203 ligari.
1171 4142 1398 4188 Veterem
1425 4137 1494 4187 le-

1589 2804 1802 2852 ctionem
1815 2814 2015 2852 tuentur
2027 2814 2237 2867 quatuor
2251 2820 2278 2851 e
2291 2804 2415 2851 MSS
2430 2801 2609 2849 nostrie

1591 2882 1666 2929 vel
1690 2882 1879 2946 optimi.
1908 2884 1997 2929 En.

1660 2975 1709 3008 α.
1738 2962 1790 3006 L.
1820 2959 2047 3022 Papirius
2079 2957 2121 3006 is
2132 2958 2243 3024 finit
2266 2976 2286 3006 .·
2311 2969 2606 3022 cognomen,

425 3093 438 3102 ,
478 3053 576 3101 pro
615 3039 779 3087 lubitu
821 3051 1062 3100 statuerem
1100 3035 1278 3105 cuper.
1319 3040 1505 3089 Confer
1589 3040 1795 3087 multum
1823 3038 2009 3087 adrem
2028 3038 2307 3101 pertinum,
2345 3037 2607 3096 omismm,

1588 3129 1644 3164 ut
1671 3129 1718 3164 et
1744 3116 1889 3177 alibi3
1929 3117 2062 3165 Glar.
2106 3117 2202 3164 Hic
2234 3132 2352 3163 vero
2386 3116 2609 3180 Papirius

1592 3212 1750 3258 neque
1771 3196 1943 3243 consul
1965 3196 2112 3256 hujus
2138 3195 2279 3253 anni,
2303 3210 2462 3258 neque
2484 3194 2611 3242 ullus

1592 3283 1655 3322 et
1668 3275 1745 3334 m,
1761 3275 1847 3338 qui
1858 3274 2164 3339 magistrum
2176 3284 2429 3338 gesserunt
2437 3307 2453 3331 ‚
2462 3273 2612 3322 fuine

1591 3353 1811 3414 videtui-3
1829 3354 2026 3415 Douiat.
2040 3380 2110 3390 --
2122 3355 2182 3400 Se
2197 3368 2379 3399 nexum
2396 3350 2612 3418 (supin.)

1592 3432 1819 3488 dedisset,
1837 3434 1900 3481 ad
1913 3433 2204 3482 nectendum
2217 3465 2231 3490 ,
2242 3442 2296 3478 ut
2309 3443 2609 3479 necteretur:

1592 3523 1693 3574 quo
1715 3521 1857 3559 sensu
1881 3513 2025 3560 etiam
2044 3512 2097 3559 in
2117 3527 2322 3568 nexum,
2349 3526 2435 3557 seu
2459 3509 2615 3556 nexui

1587 3590 1709 3638 dare
1737 3591 1835 3639 dici
1858 3603 2053 3656 potestg
2081 3589 2217 3655 quod
2247 3589 2387 3653 prius
2417 3588 2614 3652 legebat

1587 3670 1783 3717 Salmas.
1797 3671 1948 3732 adjus
1961 3673 2067 3719 Au.
2084 3681 2133 3717 et
2147 3668 2292 3718 Rom.
2308 3682 2384 3715 c.1
2400 3684 2442 3714 1.
2458 3666 2610 3718 Drak.

1667 3749 1713 3796 3.
1766 3749 1993 3796 Fructum
2044 3746 2360 3795 adventitium
2405 3745 2608 3799 crediti,

1585 3827 1965 3874 emolumentum
1988 3828 2246 3875 fortuitum
2274 3824 2612 3873 extraordina-

1587 3905 1810 3969 riumque
1823 3940 1837 3965 ,
1858 3905 2043 3953 credito
2065 3903 2200 3968 (vide
2218 3905 2379 3962 mvl,
2400 3912 2482 3962 14,
2497 3921 2545 3951 u.
2558 3901 2613 3969 6)

1587 3984 1849 4041 accedens,
1873 3995 1920 4032 et
1945 3986 2006 4032 ab
2026 3999 2085 4032 eo
2107 3985 2402 4050 profectum.

1658 4071 1705 4118 4.
1727 4064 1786 4108 Se
1809 4062 1857 4110 in
1868 4063 2120 4126 publicum
2129 4062 2476 4129 proripuisset,
2498 4057 2611 4108 vide

1583 4140 1646 4187 ad
1672 4143 1750 4199 11,
1780 4149 1878 4200 24,
1904 4158 1955 4188 n.
1986 4141 2035 4189 6.
