<?xml version="1.0" encoding="UTF-8"?>
<!DOCTYPE html PUBLIC "-//W3C//DTD XHTML 1.0 Transitional//EN"
    "http://www.w3.org/TR/xhtml1/DTD/xhtml1-transitional.dtd">
<html xmlns="http://www.w3.org/1999/xhtml" xml:lang="en" lang="en">
 <head>
  <title>
</title>
<meta http-equiv="Content-Type" content="text/html;charset=utf-8" />
  <meta name='ocr-system' content='tesseract 3.04.00' />
  <meta name='ocr-capabilities' content='ocr_page ocr_carea ocr_par ocr_line ocrx_word'/>
</head>
<body>
  <div class='ocr_page' id='page_1' title='image "./titusliviuspata00unkngoog_0437.png"; bbox 0 0 3000 4717; ppageno 0'>
   <div class='ocr_carea' id='block_1_1' title="bbox 8 0 2992 366">
    <p class='ocr_par' dir='ltr' id='par_1_1' title="bbox 8 0 2992 366">
     <span class='ocr_line' id='line_1_1' title="bbox 8 0 2992 366; baseline 0 4351"><span class='ocrx_word' id='word_1_1' title='bbox 8 0 2992 366; x_wconf 95' lang='lat' dir='ltr'><strong> </strong></span> 
     </span>
    </p>
   </div>
   <div class='ocr_carea' id='block_1_2' title="bbox 459 388 707 498">
    <p class='ocr_par' dir='ltr' id='par_1_2' title="bbox 459 388 707 498">
     <span class='ocr_line' id='line_1_2' title="bbox 462 388 705 441; baseline -0.008 -12"><span class='ocrx_word' id='word_1_2' title='bbox 462 392 511 429; x_wconf 74' lang='lat' dir='ltr'><strong>A,</strong></span> <span class='ocrx_word' id='word_1_3' title='bbox 539 388 586 429; x_wconf 82' lang='lat' dir='ltr'><strong>c,</strong></span> <span class='ocrx_word' id='word_1_4' title='bbox 614 391 705 441; x_wconf 79' lang='lat'><strong>337.</strong></span> 
     </span>
     <span class='ocr_line' id='line_1_3' title="bbox 459 451 707 498; baseline -0.008 -6"><span class='ocrx_word' id='word_1_5' title='bbox 459 452 515 492; x_wconf 84' lang='lat' dir='ltr'><strong>U.</strong></span> <span class='ocrx_word' id='word_1_6' title='bbox 539 451 587 491; x_wconf 87' lang='lat' dir='ltr'><strong>C.</strong></span> <span class='ocrx_word' id='word_1_7' title='bbox 610 451 707 498; x_wconf 63' lang='lat'><strong>415.</strong></span> 
     </span>
    </p>
   </div>
   <div class='ocr_carea' id='block_1_3' title="bbox 887 410 2519 496">
    <p class='ocr_par' dir='ltr' id='par_1_3' title="bbox 887 410 2519 496">
     <span class='ocr_line' id='line_1_4' title="bbox 887 410 2519 496; baseline 0.004 -19"><span class='ocrx_word' id='word_1_8' title='bbox 887 412 1202 478; x_wconf 88' lang='lat' dir='ltr'>LIBER</span> <span class='ocrx_word' id='word_1_9' title='bbox 1248 411 1465 478; x_wconf 93' lang='lat' dir='ltr'><strong>VIII.</strong></span> <span class='ocrx_word' id='word_1_10' title='bbox 1536 411 1747 477; x_wconf 84' lang='lat' dir='ltr'><strong>CAP.</strong></span> <span class='ocrx_word' id='word_1_11' title='bbox 1802 412 2017 479; x_wconf 86' lang='lat' dir='ltr'><strong>VIII.</strong></span> <span class='ocrx_word' id='word_1_12' title='bbox 2376 410 2519 496; x_wconf 76' lang='grc'><strong>443</strong></span> 
     </span>
    </p>
   </div>
   <div class='ocr_carea' id='block_1_4' title="bbox 408 532 2529 961">
    <p class='ocr_par' dir='ltr' id='par_1_4' title="bbox 408 532 2529 961">
     <span class='ocr_line' id='line_1_5' title="bbox 411 532 2526 628; baseline -0.002 -19"><span class='ocrx_word' id='word_1_13' title='bbox 411 550 680 610; x_wconf 84' lang='lat' dir='ltr'><strong>structa</strong></span> <span class='ocrx_word' id='word_1_14' title='bbox 714 534 897 603; x_wconf 89' lang='lat' dir='ltr'><strong>acies</strong></span> <span class='ocrx_word' id='word_1_15' title='bbox 932 532 1153 628; x_wconf 84' lang='lat' dir='ltr'><strong>coepit</strong></span> <span class='ocrx_word' id='word_1_16' title='bbox 1187 555 1379 601; x_wconf 87' lang='lat' dir='ltr'><strong>esse:</strong></span> <span class='ocrx_word' id='word_1_17' title='bbox 1416 545 1785 627; x_wconf 87' lang='lat' dir='ltr'><strong>postremo</strong></span> <span class='ocrx_word' id='word_1_18' title='bbox 1829 532 1908 600; x_wconf 89' lang='lat' dir='ltr'><strong>in</strong></span> <span class='ocrx_word' id='word_1_19' title='bbox 1952 532 2193 628; x_wconf 85' lang='lat' dir='ltr'><strong>plures</strong></span> <span class='ocrx_word' id='word_1_20' title='bbox 2230 533 2526 607; x_wconf 78' lang='lat' dir='ltr'><strong>ordines</strong></span> 
     </span>
     <span class='ocr_line' id='line_1_6' title="bbox 408 640 2527 738; baseline -0.001 -21"><span class='ocrx_word' id='word_1_21' title='bbox 408 643 968 717; x_wconf 82' lang='lat' dir='ltr'><strong>instruebantur.</strong></span> <span class='ocrx_word' id='word_1_22' title='bbox 1016 640 1216 712; x_wconf 82' lang='lat' dir='ltr'><strong>Ordo</strong></span> <span class='ocrx_word' id='word_1_23' title='bbox 1257 664 1648 738; x_wconf 84' lang='lat' dir='ltr'><strong>sexagenos</strong></span> <span class='ocrx_word' id='word_1_24' title='bbox 1686 640 1950 711; x_wconf 86' lang='lat' dir='ltr'>milites</span> <span class='ocrx_word' id='word_1_25' title='bbox 1985 641 2240 732; x_wconf 78' lang='lat' dir='ltr'><strong>duos2,</strong></span> <span class='ocrx_word' id='word_1_26' title='bbox 2271 659 2527 715; x_wconf 84' lang='lat' dir='ltr'><strong>centu-</strong></span> 
     </span>
     <span class='ocr_line' id='line_1_7' title="bbox 409 749 2529 847; baseline -0.002 -19"><span class='ocrx_word' id='word_1_27' title='bbox 409 759 689 828; x_wconf 90' lang='lat' dir='ltr'><strong>rionem</strong></span> <span class='ocrx_word' id='word_1_28' title='bbox 716 769 790 825; x_wconf 86' lang='lat' dir='ltr'><strong>et</strong></span> <span class='ocrx_word' id='word_1_29' title='bbox 818 752 1264 824; x_wconf 61' lang='lat' dir='ltr'><strong>vexillarium</strong></span> <span class='ocrx_word' id='word_1_30' title='bbox 1296 776 1526 822; x_wconf 89' lang='lat' dir='ltr'><strong>unum</strong></span> <span class='ocrx_word' id='word_1_31' title='bbox 1563 749 1910 838; x_wconf 82' lang='lat' dir='ltr'><strong>habebat3</strong></span> <span class='ocrx_word' id='word_1_32' title='bbox 1943 751 2173 847; x_wconf 89' lang='lat' dir='ltr'><strong>prima</strong></span> <span class='ocrx_word' id='word_1_33' title='bbox 2201 754 2384 823; x_wconf 88' lang='lat' dir='ltr'><strong>acies</strong></span> <span class='ocrx_word' id='word_1_34' title='bbox 2409 754 2529 823; x_wconf 87' lang='lat' dir='ltr'><strong>ha-</strong></span> 
     </span>
     <span class='ocr_line' id='line_1_8' title="bbox 413 862 2528 961; baseline -0.003 -19"><span class='ocrx_word' id='word_1_35' title='bbox 413 871 602 942; x_wconf 51' lang='lat' dir='ltr'><strong>stati*</strong></span> <span class='ocrx_word' id='word_1_36' title='bbox 630 881 831 940; x_wconf 86' lang='lat' dir='ltr'><strong>erant</strong></span> <span class='ocrx_word' id='word_1_37' title='bbox 850 920 870 954; x_wconf 90' lang='lat'><strong>,</strong></span> <span class='ocrx_word' id='word_1_38' title='bbox 915 864 1267 961; x_wconf 87' lang='lat' dir='ltr'>manipuli</span> <span class='ocrx_word' id='word_1_39' title='bbox 1311 862 1764 960; x_wconf 86' lang='lat' dir='ltr'><strong>quindecim,</strong></span> <span class='ocrx_word' id='word_1_40' title='bbox 1811 862 2154 936; x_wconf 84' lang='lat' dir='ltr'><strong>distantes</strong></span> <span class='ocrx_word' id='word_1_41' title='bbox 2206 865 2396 935; x_wconf 85' lang='lat' dir='ltr'><strong>inter</strong></span> <span class='ocrx_word' id='word_1_42' title='bbox 2451 890 2528 936; x_wconf 88' lang='lat' dir='ltr'><strong>se</strong></span> 
     </span>
    </p>
   </div>
   <div class='ocr_carea' id='block_1_5' title="bbox 409 1078 1438 2720">
    <p class='ocr_par' dir='ltr' id='par_1_5' title="bbox 409 1078 1438 2720">
     <span class='ocr_line' id='line_1_9' title="bbox 413 1078 1428 1151; baseline -0.009 -18"><span class='ocrx_word' id='word_1_43' title='bbox 413 1085 583 1151; x_wconf 89' lang='lat' dir='ltr'><strong>primis</strong></span> <span class='ocrx_word' id='word_1_44' title='bbox 608 1081 888 1131; x_wconf 87' lang='lat' dir='ltr'><strong>consulibus</strong></span> <span class='ocrx_word' id='word_1_45' title='bbox 902 1115 920 1139; x_wconf 92' lang='lat'><strong>,</strong></span> <span class='ocrx_word' id='word_1_46' title='bbox 945 1078 1283 1144; x_wconf 72' lang='lat' dir='ltr'><strong>manipulatim</strong></span> <span class='ocrx_word' id='word_1_47' title='bbox 1304 1090 1428 1126; x_wconf 75' lang='lat' dir='ltr'><strong>stru-</strong></span> 
     </span>
     <span class='ocr_line' id='line_1_10' title="bbox 414 1156 1430 1229; baseline -0.01 -17"><span class='ocrx_word' id='word_1_48' title='bbox 414 1177 497 1212; x_wconf 84' lang='lat' dir='ltr'><strong>cta</strong></span> <span class='ocrx_word' id='word_1_49' title='bbox 526 1162 669 1229; x_wconf 77' lang='lat' dir='ltr'><strong>(vide</strong></span> <span class='ocrx_word' id='word_1_50' title='bbox 694 1160 757 1207; x_wconf 87' lang='lat' dir='ltr'><strong>ad</strong></span> <span class='ocrx_word' id='word_1_51' title='bbox 782 1161 951 1219; x_wconf 78' lang='lat' dir='ltr'><strong>XLII,</strong></span> <span class='ocrx_word' id='word_1_52' title='bbox 982 1159 1065 1215; x_wconf 87' lang='lat'><strong>51,</strong></span> <span class='ocrx_word' id='word_1_53' title='bbox 1091 1175 1142 1207; x_wconf 92' lang='grc' dir='ltr'><strong>ιι.</strong></span> <span class='ocrx_word' id='word_1_54' title='bbox 1167 1156 1255 1223; x_wconf 79' lang='lat'><strong>2),</strong></span> <span class='ocrx_word' id='word_1_55' title='bbox 1280 1158 1430 1204; x_wconf 88' lang='lat' dir='ltr'><strong>inter-</strong></span> 
     </span>
     <span class='ocr_line' id='line_1_11' title="bbox 414 1236 1432 1303; baseline -0.008 -12"><span class='ocrx_word' id='word_1_56' title='bbox 414 1243 552 1291; x_wconf 83' lang='lat' dir='ltr'><strong>vallis</strong></span> <span class='ocrx_word' id='word_1_57' title='bbox 577 1243 705 1288; x_wconf 89' lang='lat' dir='ltr'><strong>inter</strong></span> <span class='ocrx_word' id='word_1_58' title='bbox 725 1239 943 1303; x_wconf 82' lang='lat' dir='ltr'><strong>singulos</strong></span> <span class='ocrx_word' id='word_1_59' title='bbox 969 1238 1243 1301; x_wconf 83' lang='lat' dir='ltr'><strong>manipulos</strong></span> <span class='ocrx_word' id='word_1_60' title='bbox 1271 1236 1432 1300; x_wconf 84' lang='lat' dir='ltr'><strong>dispo-</strong></span> 
     </span>
     <span class='ocr_line' id='line_1_12' title="bbox 414 1316 1430 1384; baseline -0.008 -14"><span class='ocrx_word' id='word_1_61' title='bbox 414 1323 505 1370; x_wconf 84' lang='lat' dir='ltr'><strong>sita</strong></span> <span class='ocrx_word' id='word_1_62' title='bbox 517 1355 532 1379; x_wconf 91' lang='lat'><strong>,</strong></span> <span class='ocrx_word' id='word_1_63' title='bbox 550 1319 694 1384; x_wconf 81' lang='lat' dir='ltr'><strong>coepit</strong></span> <span class='ocrx_word' id='word_1_64' title='bbox 708 1327 806 1366; x_wconf 68' lang='lat' dir='ltr'><strong>esse</strong></span> <span class='ocrx_word' id='word_1_65' title='bbox 817 1317 839 1383; x_wconf 93' lang='lat'>(</span> <span class='ocrx_word' id='word_1_66' title='bbox 849 1317 980 1364; x_wconf 88' lang='lat' dir='ltr'><strong>unde</strong></span> <span class='ocrx_word' id='word_1_67' title='bbox 994 1316 1287 1380; x_wconf 82' lang='lat' dir='ltr'><strong>manipulos,</strong></span> <span class='ocrx_word' id='word_1_68' title='bbox 1307 1331 1430 1378; x_wconf 89' lang='lat' dir='ltr'><strong>quos</strong></span> 
     </span>
     <span class='ocr_line' id='line_1_13' title="bbox 409 1395 1429 1461; baseline -0.007 -13"><span class='ocrx_word' id='word_1_69' title='bbox 409 1401 512 1461; x_wconf 80' lang='lat' dir='ltr'><strong>jam</strong></span> <span class='ocrx_word' id='word_1_70' title='bbox 547 1399 638 1446; x_wconf 90' lang='lat' dir='ltr'><strong>sub</strong></span> <span class='ocrx_word' id='word_1_71' title='bbox 672 1397 884 1445; x_wconf 81' lang='lat' dir='ltr'><strong>Romulo</strong></span> <span class='ocrx_word' id='word_1_72' title='bbox 917 1408 967 1444; x_wconf 90' lang='lat' dir='ltr'><strong>et</strong></span> <span class='ocrx_word' id='word_1_73' title='bbox 989 1396 1256 1459; x_wconf 84' lang='lat' dir='ltr'><strong>Tarquinio</strong></span> <span class='ocrx_word' id='word_1_74' title='bbox 1282 1395 1429 1442; x_wconf 84' lang='lat' dir='ltr'><strong>fuisse</strong></span> 
     </span>
     <span class='ocr_line' id='line_1_14' title="bbox 416 1474 1429 1544; baseline -0.008 -16"><span class='ocrx_word' id='word_1_75' title='bbox 416 1480 621 1544; x_wconf 85' lang='lat' dir='ltr'><strong>legimus</strong></span> <span class='ocrx_word' id='word_1_76' title='bbox 645 1479 693 1535; x_wconf 90' lang='lat' dir='ltr'><strong>I,</strong></span> <span class='ocrx_word' id='word_1_77' title='bbox 727 1477 815 1534; x_wconf 79' lang='lat'><strong>523</strong></span> <span class='ocrx_word' id='word_1_78' title='bbox 839 1474 969 1539; x_wconf 88' lang='lat' dir='ltr'><strong>apud</strong></span> <span class='ocrx_word' id='word_1_79' title='bbox 997 1474 1143 1522; x_wconf 89' lang='lat' dir='ltr'><strong>Ovid.</strong></span> <span class='ocrx_word' id='word_1_80' title='bbox 1172 1477 1296 1521; x_wconf 87' lang='lat' dir='ltr'><strong>Fast.</strong></span> <span class='ocrx_word' id='word_1_81' title='bbox 1322 1475 1398 1520; x_wconf 94' lang='lat' dir='ltr'><strong>III</strong></span> <span class='ocrx_word' id='word_1_82' title='bbox 1415 1508 1429 1531; x_wconf 93' lang='lat'>‚</span> 
     </span>
     <span class='ocr_line' id='line_1_15' title="bbox 423 1553 1429 1618; baseline -0.005 -14"><span class='ocrx_word' id='word_1_83' title='bbox 423 1573 539 1618; x_wconf 83' lang='lat'><strong>117,</strong></span> <span class='ocrx_word' id='word_1_84' title='bbox 571 1557 666 1604; x_wconf 81' lang='lat'><strong>118</strong></span> <span class='ocrx_word' id='word_1_85' title='bbox 685 1589 699 1613; x_wconf 95' lang='lat'><strong>,</strong></span> <span class='ocrx_word' id='word_1_86' title='bbox 726 1565 776 1602; x_wconf 89' lang='lat' dir='ltr'><strong>et</strong></span> <span class='ocrx_word' id='word_1_87' title='bbox 794 1554 986 1602; x_wconf 84' lang='lat' dir='ltr'><strong>Victor.</strong></span> <span class='ocrx_word' id='word_1_88' title='bbox 1011 1554 1073 1601; x_wconf 90' lang='lat' dir='ltr'><strong>de</strong></span> <span class='ocrx_word' id='word_1_89' title='bbox 1098 1553 1232 1615; x_wconf 84' lang='lat' dir='ltr'><strong>Orig.</strong></span> <span class='ocrx_word' id='word_1_90' title='bbox 1259 1555 1429 1610; x_wconf 83' lang='lat' dir='ltr'><strong>Rom.‚</strong></span> 
     </span>
     <span class='ocr_line' id='line_1_16' title="bbox 419 1632 1427 1698; baseline -0.003 -15"><span class='ocrx_word' id='word_1_91' title='bbox 419 1636 619 1683; x_wconf 84' lang='lat' dir='ltr'><strong>desiisse</strong></span> <span class='ocrx_word' id='word_1_92' title='bbox 636 1645 803 1698; x_wconf 89' lang='lat' dir='ltr'><strong>postea</strong></span> <span class='ocrx_word' id='word_1_93' title='bbox 817 1633 1151 1696; x_wconf 86' lang='lat' dir='ltr'><strong>suspicabatur</strong></span> <span class='ocrx_word' id='word_1_94' title='bbox 1164 1632 1297 1695; x_wconf 87' lang='lat' dir='ltr'><strong>Lips.</strong></span> <span class='ocrx_word' id='word_1_95' title='bbox 1317 1632 1427 1680; x_wconf 86' lang='lat' dir='ltr'><strong>Mil.</strong></span> 
     </span>
     <span class='ocr_line' id='line_1_17' title="bbox 418 1710 1431 1775; baseline -0.004 -14"><span class='ocrx_word' id='word_1_96' title='bbox 418 1729 541 1761; x_wconf 88' lang='lat' dir='ltr'><strong>rom.</strong></span> <span class='ocrx_word' id='word_1_97' title='bbox 565 1715 642 1771; x_wconf 88' lang='lat'><strong>11,</strong></span> <span class='ocrx_word' id='word_1_98' title='bbox 668 1713 723 1769; x_wconf 97' lang='grc'><strong>3,</strong></span> <span class='ocrx_word' id='word_1_99' title='bbox 752 1711 836 1775; x_wconf 86' lang='lat' dir='ltr'><strong>qui</strong></span> <span class='ocrx_word' id='word_1_100' title='bbox 856 1711 1041 1757; x_wconf 73' lang='lat' dir='ltr'><strong>confer.</strong></span> <span class='ocrx_word' id='word_1_101' title='bbox 1067 1710 1132 1758; x_wconf 89' lang='lat' dir='ltr'><strong>ad</strong></span> <span class='ocrx_word' id='word_1_102' title='bbox 1151 1720 1309 1758; x_wconf 88' lang='lat' dir='ltr'><strong>totum</strong></span> <span class='ocrx_word' id='word_1_103' title='bbox 1334 1710 1431 1757; x_wconf 89' lang='lat' dir='ltr'><strong>hoc</strong></span> 
     </span>
     <span class='ocr_line' id='line_1_18' title="bbox 421 1788 1431 1856; baseline -0.004 -17"><span class='ocrx_word' id='word_1_104' title='bbox 421 1790 593 1856; x_wconf 86' lang='lat' dir='ltr'><strong>caput)</strong></span> <span class='ocrx_word' id='word_1_105' title='bbox 608 1824 623 1848; x_wconf 91' lang='lat'><strong>,</strong></span> <span class='ocrx_word' id='word_1_106' title='bbox 661 1800 903 1853; x_wconf 80' lang='lat' dir='ltr'><strong>postremo</strong></span> <span class='ocrx_word' id='word_1_107' title='bbox 944 1789 993 1836; x_wconf 82' lang='lat' dir='ltr'><strong>in</strong></span> <span class='ocrx_word' id='word_1_108' title='bbox 1026 1790 1193 1853; x_wconf 82' lang='lat' dir='ltr'><strong>plures</strong></span> <span class='ocrx_word' id='word_1_109' title='bbox 1240 1788 1431 1836; x_wconf 82' lang='lat' dir='ltr'><strong>ordines</strong></span> 
     </span>
     <span class='ocr_line' id='line_1_19' title="bbox 421 1867 1434 1931; baseline -0.005 -12"><span class='ocrx_word' id='word_1_110' title='bbox 421 1871 792 1924; x_wconf 79' lang='lat' dir='ltr'><strong>instruebantur,</strong></span> <span class='ocrx_word' id='word_1_111' title='bbox 808 1869 860 1916; x_wconf 86' lang='lat' dir='ltr'><strong>in</strong></span> <span class='ocrx_word' id='word_1_112' title='bbox 879 1880 999 1926; x_wconf 87' lang='lat' dir='ltr'><strong>tres,</strong></span> <span class='ocrx_word' id='word_1_113' title='bbox 1019 1883 1142 1931; x_wconf 90' lang='lat' dir='ltr'><strong>quos</strong></span> <span class='ocrx_word' id='word_1_114' title='bbox 1159 1867 1434 1915; x_wconf 77' lang='lat' dir='ltr'><strong>formabant</strong></span> 
     </span>
     <span class='ocr_line' id='line_1_20' title="bbox 421 1947 1434 2012; baseline -0.001 -15"><span class='ocrx_word' id='word_1_115' title='bbox 421 1949 634 2008; x_wconf 83' lang='lat' dir='ltr'><strong>hastati,</strong></span> <span class='ocrx_word' id='word_1_116' title='bbox 654 1948 903 2012; x_wconf 73' lang='lat' dir='ltr'><strong>principes</strong></span> <span class='ocrx_word' id='word_1_117' title='bbox 934 1958 983 1995; x_wconf 89' lang='lat' dir='ltr'><strong>et</strong></span> <span class='ocrx_word' id='word_1_118' title='bbox 1016 1947 1196 2006; x_wconf 88' lang='lat' dir='ltr'><strong>triarii,</strong></span> <span class='ocrx_word' id='word_1_119' title='bbox 1226 1961 1434 2010; x_wconf 88' lang='lat' dir='ltr'><strong>quorum</strong></span> 
     </span>
     <span class='ocr_line' id='line_1_21' title="bbox 423 2025 1433 2094; baseline -0.003 -19"><span class='ocrx_word' id='word_1_120' title='bbox 423 2029 578 2094; x_wconf 89' lang='lat' dir='ltr'><strong>prima</strong></span> <span class='ocrx_word' id='word_1_121' title='bbox 602 2028 785 2074; x_wconf 89' lang='lat' dir='ltr'><strong>mentio</strong></span> <span class='ocrx_word' id='word_1_122' title='bbox 810 2025 867 2074; x_wconf 85' lang='lat' dir='ltr'><strong>fit</strong></span> <span class='ocrx_word' id='word_1_123' title='bbox 886 2028 1159 2090; x_wconf 83' lang='lat' dir='ltr'><strong>supraVII,</strong></span> <span class='ocrx_word' id='word_1_124' title='bbox 1184 2027 1281 2084; x_wconf 76' lang='lat'><strong>233</strong></span> <span class='ocrx_word' id='word_1_125' title='bbox 1309 2025 1433 2091; x_wconf 87' lang='lat' dir='ltr'><strong>(sed</strong></span> 
     </span>
     <span class='ocr_line' id='line_1_22' title="bbox 421 2104 1433 2172; baseline -0.004 -17"><span class='ocrx_word' id='word_1_126' title='bbox 421 2107 555 2172; x_wconf 85' lang='lat' dir='ltr'><strong>apud</strong></span> <span class='ocrx_word' id='word_1_127' title='bbox 580 2105 726 2155; x_wconf 83' lang='lat' dir='ltr'><strong>Ovid.</strong></span> <span class='ocrx_word' id='word_1_128' title='bbox 752 2109 878 2153; x_wconf 81' lang='lat' dir='ltr'><strong>Fast.</strong></span> <span class='ocrx_word' id='word_1_129' title='bbox 902 2108 1006 2164; x_wconf 87' lang='lat'><strong>111,</strong></span> <span class='ocrx_word' id='word_1_130' title='bbox 1037 2120 1128 2164; x_wconf 74' lang='lat'><strong>127</strong></span> <span class='ocrx_word' id='word_1_131' title='bbox 1161 2121 1234 2169; x_wconf 83' lang='lat' dir='ltr'><strong>sq.</strong></span> <span class='ocrx_word' id='word_1_132' title='bbox 1255 2106 1357 2165; x_wconf 74' lang='lat' dir='ltr'><strong>iam</strong></span> <span class='ocrx_word' id='word_1_133' title='bbox 1378 2104 1433 2152; x_wconf 89' lang='lat' dir='ltr'><strong>in</strong></span> 
     </span>
     <span class='ocr_line' id='line_1_23' title="bbox 421 2184 1431 2247; baseline -0.002 -13"><span class='ocrx_word' id='word_1_134' title='bbox 421 2186 658 2235; x_wconf 81' lang='lat' dir='ltr'><strong>institutis</strong></span> <span class='ocrx_word' id='word_1_135' title='bbox 687 2185 919 2241; x_wconf 80' lang='lat' dir='ltr'><strong>Romuli,</strong></span> <span class='ocrx_word' id='word_1_136' title='bbox 947 2195 996 2232; x_wconf 90' lang='lat' dir='ltr'><strong>et</strong></span> <span class='ocrx_word' id='word_1_137' title='bbox 1023 2184 1298 2236; x_wconf 79' lang='lat' dir='ltr'><strong>triariorum</strong></span> <span class='ocrx_word' id='word_1_138' title='bbox 1324 2199 1431 2247; x_wconf 88' lang='lat' dir='ltr'><strong>sup.</strong></span> 
     </span>
     <span class='ocr_line' id='line_1_24' title="bbox 421 2262 1433 2329; baseline -0.004 -16"><span class='ocrx_word' id='word_1_139' title='bbox 421 2269 501 2324; x_wconf 87' lang='grc' dir='ltr'><strong>Π,</strong></span> <span class='ocrx_word' id='word_1_140' title='bbox 529 2268 640 2329; x_wconf 78' lang='grc'><strong>47.)</strong></span> <span class='ocrx_word' id='word_1_141' title='bbox 667 2266 733 2314; x_wconf 89' lang='lat' dir='ltr'><strong>Hi</strong></span> <span class='ocrx_word' id='word_1_142' title='bbox 750 2274 863 2313; x_wconf 82' lang='lat' dir='ltr'><strong>sunt</strong></span> <span class='ocrx_word' id='word_1_143' title='bbox 880 2275 978 2311; x_wconf 87' lang='lat' dir='ltr'><strong>tres</strong></span> <span class='ocrx_word' id='word_1_144' title='bbox 1004 2262 1179 2327; x_wconf 80' lang='lat' dir='ltr'><strong>gradus</strong></span> <span class='ocrx_word' id='word_1_145' title='bbox 1205 2262 1327 2310; x_wconf 87' lang='lat' dir='ltr'><strong>aciei</strong></span> <span class='ocrx_word' id='word_1_146' title='bbox 1352 2278 1433 2310; x_wconf 84' lang='lat' dir='ltr'><strong>ro-</strong></span> 
     </span>
     <span class='ocr_line' id='line_1_25' title="bbox 422 2342 1437 2409; baseline -0.006 -15"><span class='ocrx_word' id='word_1_147' title='bbox 422 2361 576 2393; x_wconf 88' lang='lat' dir='ltr'><strong>manae</strong></span> <span class='ocrx_word' id='word_1_148' title='bbox 587 2380 601 2401; x_wconf 91' lang='lat'>‚</span> <span class='ocrx_word' id='word_1_149' title='bbox 619 2344 833 2409; x_wconf 86' lang='lat' dir='ltr'><strong>phalanx</strong></span> <span class='ocrx_word' id='word_1_150' title='bbox 852 2343 1083 2391; x_wconf 88' lang='lat' dir='ltr'><strong>continua</strong></span> <span class='ocrx_word' id='word_1_151' title='bbox 1100 2376 1115 2401; x_wconf 93' lang='lat'><strong>,</strong></span> <span class='ocrx_word' id='word_1_152' title='bbox 1139 2342 1265 2389; x_wconf 83' lang='lat' dir='ltr'><strong>acies</strong></span> <span class='ocrx_word' id='word_1_153' title='bbox 1284 2342 1437 2390; x_wconf 85' lang='lat' dir='ltr'><strong>mani-</strong></span> 
     </span>
     <span class='ocr_line' id='line_1_26' title="bbox 422 2422 1436 2486; baseline 0 -18"><span class='ocrx_word' id='word_1_154' title='bbox 422 2424 630 2486; x_wconf 82' lang='lat' dir='ltr'><strong>pularis,</strong></span> <span class='ocrx_word' id='word_1_155' title='bbox 652 2435 701 2471; x_wconf 86' lang='lat' dir='ltr'><strong>et</strong></span> <span class='ocrx_word' id='word_1_156' title='bbox 720 2424 847 2478; x_wconf 79' lang='lat' dir='ltr'><strong>acies</strong></span> <span class='ocrx_word' id='word_1_157' title='bbox 869 2423 1072 2486; x_wconf 76' lang='lat' dir='ltr'><strong>triplex,</strong></span> <span class='ocrx_word' id='word_1_158' title='bbox 1094 2438 1178 2469; x_wconf 89' lang='lat' dir='ltr'><strong>seu</strong></span> <span class='ocrx_word' id='word_1_159' title='bbox 1196 2422 1436 2485; x_wconf 88' lang='lat' dir='ltr'><strong>quincun-</strong></span> 
     </span>
     <span class='ocr_line' id='line_1_27' title="bbox 425 2501 1438 2562; baseline 0.001 -15"><span class='ocrx_word' id='word_1_160' title='bbox 425 2501 586 2559; x_wconf 85' lang='lat' dir='ltr'><strong>cialis,</strong></span> <span class='ocrx_word' id='word_1_161' title='bbox 603 2503 806 2558; x_wconf 78' lang='lat' dir='ltr'><strong>xxm,</strong></span> <span class='ocrx_word' id='word_1_162' title='bbox 824 2516 917 2562; x_wconf 80' lang='lat'><strong>29,</strong></span> <span class='ocrx_word' id='word_1_163' title='bbox 933 2518 987 2551; x_wconf 88' lang='lat' dir='ltr'><strong>n.</strong></span> <span class='ocrx_word' id='word_1_164' title='bbox 1003 2517 1090 2558; x_wconf 87' lang='lat'><strong>10,</strong></span> <span class='ocrx_word' id='word_1_165' title='bbox 1108 2512 1157 2549; x_wconf 89' lang='lat' dir='ltr'><strong>et</strong></span> <span class='ocrx_word' id='word_1_166' title='bbox 1172 2501 1231 2548; x_wconf 81' lang='lat' dir='ltr'><strong>al.</strong></span> <span class='ocrx_word' id='word_1_167' title='bbox 1256 2501 1438 2549; x_wconf 85' lang='lat' dir='ltr'><strong>Confer</strong></span> 
     </span>
     <span class='ocr_line' id='line_1_28' title="bbox 426 2576 1434 2642; baseline 0.002 -17"><span class='ocrx_word' id='word_1_168' title='bbox 426 2578 595 2625; x_wconf 82' lang='lat' dir='ltr'><strong>Nast&#39;s</strong></span> <span class='ocrx_word' id='word_1_169' title='bbox 615 2579 751 2624; x_wconf 66' lang='lat' dir='ltr'><strong>Rom.</strong></span> <span class='ocrx_word' id='word_1_170' title='bbox 770 2576 1109 2633; x_wconf 78' lang='lat' dir='ltr'><strong>Altertlu&#39;imer,</strong></span> <span class='ocrx_word' id='word_1_171' title='bbox 1132 2578 1162 2641; x_wconf 74' lang='lat' dir='ltr'>S</span> <span class='ocrx_word' id='word_1_172' title='bbox 1183 2595 1245 2639; x_wconf 80' lang='lat'><strong>27</strong></span> <span class='ocrx_word' id='word_1_173' title='bbox 1272 2596 1344 2642; x_wconf 85' lang='lat' dir='ltr'><strong>sq.</strong></span> <span class='ocrx_word' id='word_1_174' title='bbox 1370 2581 1434 2627; x_wconf 83' lang='lat'><strong>58</strong></span> 
     </span>
     <span class='ocr_line' id='line_1_29' title="bbox 426 2655 1438 2720; baseline -0.002 -14"><span class='ocrx_word' id='word_1_175' title='bbox 426 2673 530 2720; x_wconf 84' lang='lat' dir='ltr'><strong>seq.</strong></span> <span class='ocrx_word' id='word_1_176' title='bbox 553 2666 602 2703; x_wconf 90' lang='lat' dir='ltr'><strong>et</strong></span> <span class='ocrx_word' id='word_1_177' title='bbox 619 2656 875 2712; x_wconf 71' lang='lat' dir='ltr'><strong>zac-142,</strong></span> <span class='ocrx_word' id='word_1_178' title='bbox 900 2656 986 2717; x_wconf 89' lang='lat' dir='ltr'><strong>qui</strong></span> <span class='ocrx_word' id='word_1_179' title='bbox 1011 2655 1156 2701; x_wconf 89' lang='lat' dir='ltr'><strong>etiam</strong></span> <span class='ocrx_word' id='word_1_180' title='bbox 1180 2668 1312 2703; x_wconf 87' lang='lat' dir='ltr'><strong>recte</strong></span> <span class='ocrx_word' id='word_1_181' title='bbox 1337 2672 1438 2704; x_wconf 91' lang='lat' dir='ltr'><strong>mo-</strong></span> 
     </span>
    </p>
   </div>
   <div class='ocr_carea' id='block_1_6' title="bbox 338 2731 1439 2798">
    <p class='ocr_par' dir='ltr' id='par_1_6' title="bbox 338 2731 1439 2798">
     <span class='ocr_line' id='line_1_30' title="bbox 338 2731 1439 2798; baseline -0.012 -13"><span class='ocrx_word' id='word_1_182' title='bbox 338 2755 346 2764; x_wconf 84' lang='grc'><strong>’</strong></span> <span class='ocrx_word' id='word_1_183' title='bbox 425 2736 560 2792; x_wconf 87' lang='lat' dir='ltr'><strong>nuit,</strong></span> <span class='ocrx_word' id='word_1_184' title='bbox 586 2751 613 2782; x_wconf 83' lang='lat' dir='ltr'><strong>a</strong></span> <span class='ocrx_word' id='word_1_185' title='bbox 633 2732 775 2798; x_wconf 74' lang='lat' dir='ltr'><strong>Livio</strong></span> <span class='ocrx_word' id='word_1_186' title='bbox 793 2731 1117 2795; x_wconf 76' lang='lat' dir='ltr'><strong>antiquiorem</strong></span> <span class='ocrx_word' id='word_1_187' title='bbox 1134 2732 1341 2795; x_wconf 73' lang='lat' dir='ltr'><strong>legionis</strong></span> <span class='ocrx_word' id='word_1_188' title='bbox 1359 2749 1439 2780; x_wconf 92' lang='lat' dir='ltr'><strong>ro-</strong></span> 
     </span>
    </p>
   </div>
   <div class='ocr_carea' id='block_1_7' title="bbox 427 2811 1451 4219">
    <p class='ocr_par' dir='ltr' id='par_1_7' title="bbox 427 2811 1446 3807">
     <span class='ocr_line' id='line_1_31' title="bbox 427 2811 1439 2875; baseline -0.008 -11"><span class='ocrx_word' id='word_1_189' title='bbox 427 2832 583 2864; x_wconf 84' lang='lat' dir='ltr'><strong>manae</strong></span> <span class='ocrx_word' id='word_1_190' title='bbox 607 2814 783 2861; x_wconf 78' lang='lat' dir='ltr'><strong>faciem</strong></span> <span class='ocrx_word' id='word_1_191' title='bbox 806 2828 862 2859; x_wconf 92' lang='lat' dir='ltr'><strong>ac</strong></span> <span class='ocrx_word' id='word_1_192' title='bbox 890 2813 1117 2868; x_wconf 89' lang='lat' dir='ltr'><strong>formam,</strong></span> <span class='ocrx_word' id='word_1_193' title='bbox 1138 2816 1165 2856; x_wconf 70' lang='lat' dir='ltr'><strong>a</strong></span> <span class='ocrx_word' id='word_1_194' title='bbox 1195 2811 1409 2875; x_wconf 80' lang='lat' dir='ltr'><strong>Polybio</strong></span> <span class='ocrx_word' id='word_1_195' title='bbox 1425 2844 1439 2869; x_wconf 92' lang='lat'><strong>,</strong></span> 
     </span>
     <span class='ocr_line' id='line_1_32' title="bbox 427 2888 1440 2956; baseline -0.006 -14"><span class='ocrx_word' id='word_1_196' title='bbox 427 2896 533 2954; x_wconf 84' lang='lat' dir='ltr'><strong>VI,</strong></span> <span class='ocrx_word' id='word_1_197' title='bbox 559 2908 621 2941; x_wconf 82' lang='lat' dir='ltr'><strong>ro</strong></span> <span class='ocrx_word' id='word_1_198' title='bbox 648 2893 720 2956; x_wconf 78' lang='lat' dir='ltr'><strong>s‘q.</strong></span> <span class='ocrx_word' id='word_1_199' title='bbox 748 2891 949 2954; x_wconf 89' lang='lat' dir='ltr'><strong>aliisque</strong></span> <span class='ocrx_word' id='word_1_200' title='bbox 975 2906 1107 2948; x_wconf 91' lang='lat' dir='ltr'><strong>eam,</strong></span> <span class='ocrx_word' id='word_1_201' title='bbox 1134 2904 1243 2952; x_wconf 79' lang='lat' dir='ltr'><strong>quae</strong></span> <span class='ocrx_word' id='word_1_202' title='bbox 1270 2888 1387 2936; x_wconf 90' lang='lat' dir='ltr'><strong>inde</strong></span> <span class='ocrx_word' id='word_1_203' title='bbox 1412 2906 1440 2936; x_wconf 86' lang='lat' dir='ltr'><strong>a</strong></span> 
     </span>
     <span class='ocr_line' id='line_1_33' title="bbox 430 2967 1442 3037; baseline -0.007 -15"><span class='ocrx_word' id='word_1_204' title='bbox 430 2974 721 3037; x_wconf 86' lang='lat' dir='ltr'><strong>punicorum</strong></span> <span class='ocrx_word' id='word_1_205' title='bbox 743 2970 983 3019; x_wconf 84' lang='lat' dir='ltr'><strong>bellorum</strong></span> <span class='ocrx_word' id='word_1_206' title='bbox 1007 2967 1309 3032; x_wconf 78' lang='lat' dir='ltr'><strong>temporibus</strong></span> <span class='ocrx_word' id='word_1_207' title='bbox 1338 2967 1442 3015; x_wconf 76' lang='lat' dir='ltr'><strong>fue-</strong></span> 
     </span>
     <span class='ocr_line' id='line_1_34' title="bbox 430 3047 1443 3112; baseline -0.005 -13"><span class='ocrx_word' id='word_1_208' title='bbox 430 3053 524 3109; x_wconf 92' lang='lat' dir='ltr'><strong>rit,</strong></span> <span class='ocrx_word' id='word_1_209' title='bbox 560 3051 794 3109; x_wconf 76' lang='lat' dir='ltr'><strong>describi,</strong></span> <span class='ocrx_word' id='word_1_210' title='bbox 830 3049 1049 3112; x_wconf 78' lang='lat' dir='ltr'><strong>adeoque</strong></span> <span class='ocrx_word' id='word_1_211' title='bbox 1086 3063 1259 3096; x_wconf 78' lang='lat' dir='ltr'><strong>vanam</strong></span> <span class='ocrx_word' id='word_1_212' title='bbox 1294 3047 1443 3095; x_wconf 81' lang='lat' dir='ltr'><strong>fuisse</strong></span> 
     </span>
     <span class='ocr_line' id='line_1_35' title="bbox 431 3127 1444 3193; baseline -0.001 -17"><span class='ocrx_word' id='word_1_213' title='bbox 431 3145 629 3192; x_wconf 87' lang='lat' dir='ltr'><strong>operam</strong></span> <span class='ocrx_word' id='word_1_214' title='bbox 653 3130 871 3177; x_wconf 79' lang='lat' dir='ltr'><strong>virorum</strong></span> <span class='ocrx_word' id='word_1_215' title='bbox 903 3128 1160 3177; x_wconf 86' lang='lat' dir='ltr'><strong>doctorum</strong></span> <span class='ocrx_word' id='word_1_216' title='bbox 1192 3127 1444 3193; x_wconf 83' lang='lat' dir='ltr'><strong>(inprimis</strong></span> 
     </span>
     <span class='ocr_line' id='line_1_36' title="bbox 431 3207 1444 3272; baseline 0.001 -18"><span class='ocrx_word' id='word_1_217' title='bbox 431 3209 587 3271; x_wconf 89' lang='lat' dir='ltr'><strong>Lipsii</strong></span> <span class='ocrx_word' id='word_1_218' title='bbox 610 3208 759 3255; x_wconf 69' lang='lat' dir='ltr'><strong>Milic.</strong></span> <span class='ocrx_word' id='word_1_219' title='bbox 789 3223 911 3255; x_wconf 90' lang='lat' dir='ltr'><strong>rom.</strong></span> <span class='ocrx_word' id='word_1_220' title='bbox 939 3209 1019 3267; x_wconf 90' lang='lat'><strong>11,</strong></span> <span class='ocrx_word' id='word_1_221' title='bbox 1048 3225 1068 3255; x_wconf 88' lang='grc' dir='ltr'><strong>ι</strong></span> <span class='ocrx_word' id='word_1_222' title='bbox 1093 3224 1167 3272; x_wconf 92' lang='lat' dir='ltr'><strong>sq.</strong></span> <span class='ocrx_word' id='word_1_223' title='bbox 1192 3207 1366 3256; x_wconf 78' lang='lat' dir='ltr'><strong>Patric-</strong></span> <span class='ocrx_word' id='word_1_224' title='bbox 1394 3219 1444 3255; x_wconf 89' lang='lat' dir='ltr'><strong>et</strong></span> 
     </span>
     <span class='ocr_line' id='line_1_37' title="bbox 432 3286 1443 3336; baseline 0 -3"><span class='ocrx_word' id='word_1_225' title='bbox 432 3287 628 3333; x_wconf 87' lang='lat' dir='ltr'><strong>Salmas.</strong></span> <span class='ocrx_word' id='word_1_226' title='bbox 650 3286 711 3333; x_wconf 90' lang='lat' dir='ltr'><strong>de</strong></span> <span class='ocrx_word' id='word_1_227' title='bbox 729 3287 879 3334; x_wconf 89' lang='lat' dir='ltr'><strong>Milit.</strong></span> <span class='ocrx_word' id='word_1_228' title='bbox 901 3303 1022 3335; x_wconf 87' lang='lat' dir='ltr'><strong>rom.</strong></span> <span class='ocrx_word' id='word_1_229' title='bbox 1046 3287 1100 3333; x_wconf 91' lang='lat' dir='ltr'><strong>in</strong></span> <span class='ocrx_word' id='word_1_230' title='bbox 1120 3290 1281 3336; x_wconf 81' lang='lat' dir='ltr'><strong>Graev.</strong></span> <span class='ocrx_word' id='word_1_231' title='bbox 1295 3286 1443 3336; x_wconf 83' lang='lat' dir='ltr'><strong>Thes.</strong></span> 
     </span>
     <span class='ocr_line' id='line_1_38' title="bbox 433 3364 1446 3429; baseline 0.002 -18"><span class='ocrx_word' id='word_1_232' title='bbox 433 3375 469 3412; x_wconf 87' lang='lat' dir='ltr'><strong>t.</strong></span> <span class='ocrx_word' id='word_1_233' title='bbox 498 3368 549 3411; x_wconf 77' lang='lat' dir='ltr'>X</span> <span class='ocrx_word' id='word_1_234' title='bbox 562 3364 606 3429; x_wconf 93' lang='lat'><strong>),</strong></span> <span class='ocrx_word' id='word_1_235' title='bbox 633 3368 718 3428; x_wconf 91' lang='lat' dir='ltr'><strong>qui</strong></span> <span class='ocrx_word' id='word_1_236' title='bbox 741 3366 891 3413; x_wconf 87' lang='lat' dir='ltr'><strong>multa</strong></span> <span class='ocrx_word' id='word_1_237' title='bbox 909 3367 964 3411; x_wconf 92' lang='lat' dir='ltr'><strong>in</strong></span> <span class='ocrx_word' id='word_1_238' title='bbox 993 3366 1135 3413; x_wconf 83' lang='lat' dir='ltr'><strong>Livio</strong></span> <span class='ocrx_word' id='word_1_239' title='bbox 1161 3366 1446 3413; x_wconf 80' lang='lat' dir='ltr'><strong>emendave-</strong></span> 
     </span>
     <span class='ocr_line' id='line_1_39' title="bbox 432 3443 1446 3507; baseline 0.001 -17"><span class='ocrx_word' id='word_1_240' title='bbox 432 3443 532 3491; x_wconf 84' lang='lat' dir='ltr'><strong>rint</strong></span> <span class='ocrx_word' id='word_1_241' title='bbox 552 3443 625 3504; x_wconf 86' lang='lat' dir='ltr'><strong>(v.</strong></span> <span class='ocrx_word' id='word_1_242' title='bbox 646 3461 688 3491; x_wconf 93' lang='lat' dir='ltr'><strong>c.</strong></span> <span class='ocrx_word' id='word_1_243' title='bbox 709 3459 828 3491; x_wconf 82' lang='lat' dir='ltr'><strong>mox</strong></span> <span class='ocrx_word' id='word_1_244' title='bbox 849 3443 1088 3507; x_wconf 80' lang='lat' dir='ltr'><strong>manipuli</strong></span> <span class='ocrx_word' id='word_1_245' title='bbox 1104 3444 1290 3491; x_wconf 82' lang='lat' dir='ltr'><strong>decem.</strong></span> <span class='ocrx_word' id='word_1_246' title='bbox 1304 3478 1317 3491; x_wconf 91' lang='lat'><strong>.</strong></span> <span class='ocrx_word' id='word_1_247' title='bbox 1332 3444 1446 3491; x_wconf 76' lang='lat' dir='ltr'><strong>‚hoc</strong></span> 
     </span>
     <span class='ocr_line' id='line_1_40' title="bbox 434 3522 1444 3586; baseline 0.001 -17"><span class='ocrx_word' id='word_1_248' title='bbox 434 3522 614 3586; x_wconf 54' lang='lat' dir='ltr'><strong>viginti</strong></span> <span class='ocrx_word' id='word_1_249' title='bbox 646 3523 1002 3585; x_wconf 83' lang='lat' dir='ltr'><strong>manipulorum</strong></span> <span class='ocrx_word' id='word_1_250' title='bbox 1029 3537 1202 3585; x_wconf 77' lang='lat' dir='ltr'><strong>agmen</strong></span> <span class='ocrx_word' id='word_1_251' title='bbox 1240 3534 1289 3570; x_wconf 88' lang='lat' dir='ltr'><strong>et</strong></span> <span class='ocrx_word' id='word_1_252' title='bbox 1322 3522 1444 3582; x_wconf 81' lang='lat' dir='ltr'><strong>alia3</strong></span> 
     </span>
     <span class='ocr_line' id='line_1_41' title="bbox 436 3600 1444 3664; baseline 0.002 -17"><span class='ocrx_word' id='word_1_253' title='bbox 436 3601 572 3664; x_wconf 84' lang='lat' dir='ltr'><strong>quasi</strong></span> <span class='ocrx_word' id='word_1_254' title='bbox 606 3601 660 3647; x_wconf 89' lang='lat' dir='ltr'><strong>in</strong></span> <span class='ocrx_word' id='word_1_255' title='bbox 696 3602 887 3664; x_wconf 84' lang='lat' dir='ltr'><strong>legione</strong></span> <span class='ocrx_word' id='word_1_256' title='bbox 926 3616 1115 3663; x_wconf 83' lang='lat' dir='ltr'><strong>semper</strong></span> <span class='ocrx_word' id='word_1_257' title='bbox 1145 3600 1323 3648; x_wconf 85' lang='lat' dir='ltr'><strong>fuerint</strong></span> <span class='ocrx_word' id='word_1_258' title='bbox 1356 3602 1444 3649; x_wconf 87' lang='lat' dir='ltr'><strong>tri-</strong></span> 
     </span>
     <span class='ocr_line' id='line_1_42' title="bbox 436 3677 1445 3744; baseline 0.001 -18"><span class='ocrx_word' id='word_1_259' title='bbox 436 3680 569 3743; x_wconf 85' lang='lat' dir='ltr'><strong>ginta</strong></span> <span class='ocrx_word' id='word_1_260' title='bbox 594 3677 891 3744; x_wconf 90' lang='lat' dir='ltr'><strong>manipuli),</strong></span> <span class='ocrx_word' id='word_1_261' title='bbox 917 3690 973 3726; x_wconf 90' lang='lat' dir='ltr'><strong>ut</strong></span> <span class='ocrx_word' id='word_1_262' title='bbox 1009 3678 1198 3727; x_wconf 85' lang='lat' dir='ltr'><strong>diversa</strong></span> <span class='ocrx_word' id='word_1_263' title='bbox 1222 3690 1445 3744; x_wconf 90' lang='lat' dir='ltr'><strong>tempora</strong></span> 
     </span>
     <span class='ocr_line' id='line_1_43' title="bbox 435 3758 1165 3807; baseline -0.001 -2"><span class='ocrx_word' id='word_1_264' title='bbox 435 3769 487 3805; x_wconf 89' lang='lat' dir='ltr'><strong>et</strong></span> <span class='ocrx_word' id='word_1_265' title='bbox 510 3775 587 3806; x_wconf 90' lang='lat' dir='ltr'><strong>res</strong></span> <span class='ocrx_word' id='word_1_266' title='bbox 608 3759 735 3807; x_wconf 89' lang='lat' dir='ltr'><strong>inter</strong></span> <span class='ocrx_word' id='word_1_267' title='bbox 759 3776 811 3807; x_wconf 83' lang='lat' dir='ltr'><strong>se</strong></span> <span class='ocrx_word' id='word_1_268' title='bbox 837 3758 1165 3806; x_wconf 85' lang='lat' dir='ltr'><strong>conciliarent.</strong></span> 
     </span>
    </p>

    <p class='ocr_par' dir='ltr' id='par_1_8' title="bbox 438 3835 1451 4219">
     <span class='ocr_line' id='line_1_44' title="bbox 510 3835 1439 3901; baseline -0.002 -17"><span class='ocrx_word' id='word_1_269' title='bbox 510 3854 557 3884; x_wconf 77' lang='lat'><strong>9..</strong></span> <span class='ocrx_word' id='word_1_270' title='bbox 603 3837 733 3884; x_wconf 82' lang='lat' dir='ltr'><strong>Ordo</strong></span> <span class='ocrx_word' id='word_1_271' title='bbox 773 3853 1039 3901; x_wconf 74' lang='lat' dir='ltr'><strong>sexagenos</strong></span> <span class='ocrx_word' id='word_1_272' title='bbox 1080 3836 1249 3883; x_wconf 78' lang='lat' dir='ltr'><strong>milites</strong></span> <span class='ocrx_word' id='word_1_273' title='bbox 1290 3835 1412 3883; x_wconf 83' lang='lat' dir='ltr'><strong>duos</strong></span> <span class='ocrx_word' id='word_1_274' title='bbox 1422 3871 1439 3893; x_wconf 91' lang='lat'><strong>,</strong></span> 
     </span>
     <span class='ocr_line' id='line_1_45' title="bbox 438 3914 1445 3964; baseline -0.003 -1"><span class='ocrx_word' id='word_1_275' title='bbox 438 3916 761 3963; x_wconf 81' lang='lat' dir='ltr'><strong>centurionem</strong></span> <span class='ocrx_word' id='word_1_276' title='bbox 780 3927 827 3963; x_wconf 87' lang='lat' dir='ltr'><strong>et</strong></span> <span class='ocrx_word' id='word_1_277' title='bbox 850 3916 1164 3964; x_wconf 80' lang='lat' dir='ltr'><strong>vexillarium</strong></span> <span class='ocrx_word' id='word_1_278' title='bbox 1186 3931 1332 3962; x_wconf 84' lang='lat' dir='ltr'><strong>unum</strong></span> <span class='ocrx_word' id='word_1_279' title='bbox 1355 3914 1445 3961; x_wconf 79' lang='lat' dir='ltr'><strong>ha-</strong></span> 
     </span>
     <span class='ocr_line' id='line_1_46' title="bbox 441 3993 1448 4051; baseline -0.002 -8"><span class='ocrx_word' id='word_1_280' title='bbox 441 3996 613 4051; x_wconf 75' lang='lat' dir='ltr'><strong>bebat5</strong></span> <span class='ocrx_word' id='word_1_281' title='bbox 638 3996 706 4042; x_wconf 86' lang='lat' dir='ltr'><strong>ita</strong></span> <span class='ocrx_word' id='word_1_282' title='bbox 735 4011 848 4042; x_wconf 86' lang='lat' dir='ltr'><strong>cum</strong></span> <span class='ocrx_word' id='word_1_283' title='bbox 874 3994 1091 4042; x_wconf 86' lang='lat' dir='ltr'><strong>Strothio</strong></span> <span class='ocrx_word' id='word_1_284' title='bbox 1127 4011 1154 4041; x_wconf 90' lang='lat' dir='ltr'><strong>e</strong></span> <span class='ocrx_word' id='word_1_285' title='bbox 1184 3993 1448 4041; x_wconf 85' lang='lat' dir='ltr'><strong>certissima</strong></span> 
     </span>
     <span class='ocr_line' id='line_1_47' title="bbox 440 4072 1451 4138; baseline -0.002 -17"><span class='ocrx_word' id='word_1_286' title='bbox 440 4073 682 4122; x_wconf 82' lang='lat' dir='ltr'><strong>emendat.</strong></span> <span class='ocrx_word' id='word_1_287' title='bbox 706 4075 858 4138; x_wconf 90' lang='lat' dir='ltr'><strong>Lipsii</strong></span> <span class='ocrx_word' id='word_1_288' title='bbox 885 4085 932 4121; x_wconf 91' lang='lat' dir='ltr'><strong>et</strong></span> <span class='ocrx_word' id='word_1_289' title='bbox 957 4072 1198 4122; x_wconf 87' lang='lat' dir='ltr'><strong>Gronovii</strong></span> <span class='ocrx_word' id='word_1_290' title='bbox 1225 4074 1451 4137; x_wconf 83' lang='lat' dir='ltr'><strong>rescripsi</strong></span> 
     </span>
     <span class='ocr_line' id='line_1_48' title="bbox 441 4151 1447 4219; baseline -0.002 -19"><span class='ocrx_word' id='word_1_291' title='bbox 441 4169 531 4217; x_wconf 90' lang='lat' dir='ltr'><strong>pro</strong></span> <span class='ocrx_word' id='word_1_292' title='bbox 555 4154 683 4219; x_wconf 82' lang='lat' dir='ltr'><strong>vulg.</strong></span> <span class='ocrx_word' id='word_1_293' title='bbox 709 4153 865 4210; x_wconf 84' lang='lat' dir='ltr'><strong>Ordo,</strong></span> <span class='ocrx_word' id='word_1_294' title='bbox 892 4169 971 4201; x_wconf 85' lang='lat' dir='ltr'><strong>seu</strong></span> <span class='ocrx_word' id='word_1_295' title='bbox 992 4152 1187 4211; x_wconf 68' lang='lat' dir='ltr'><strong>milites,</strong></span> <span class='ocrx_word' id='word_1_296' title='bbox 1210 4151 1329 4200; x_wconf 80' lang='lat' dir='ltr'><strong>duos</strong></span> <span class='ocrx_word' id='word_1_297' title='bbox 1344 4168 1447 4199; x_wconf 81' lang='lat' dir='ltr'><strong>cen-</strong></span> 
     </span>
    </p>
   </div>
   <div class='ocr_carea' id='block_1_8' title="bbox 1517 1073 2539 2155">
    <p class='ocr_par' dir='ltr' id='par_1_9' title="bbox 1517 1073 2539 2155">
     <span class='ocr_line' id='line_1_49' title="bbox 1518 1073 2535 1133; baseline -0.002 -9"><span class='ocrx_word' id='word_1_298' title='bbox 1518 1077 1728 1124; x_wconf 79' lang='lat' dir='ltr'><strong>turiones</strong></span> <span class='ocrx_word' id='word_1_299' title='bbox 1740 1111 1757 1133; x_wconf 92' lang='lat'><strong>,</strong></span> <span class='ocrx_word' id='word_1_300' title='bbox 1788 1073 2107 1124; x_wconf 74' lang='lat' dir='ltr'><strong>vexillarium</strong></span> <span class='ocrx_word' id='word_1_301' title='bbox 2117 1091 2276 1133; x_wconf 76' lang='lat' dir='ltr'><strong>,unum</strong></span> <span class='ocrx_word' id='word_1_302' title='bbox 2296 1074 2535 1122; x_wconf 80' lang='lat' dir='ltr'><strong>habebat.-</strong></span> 
     </span>
     <span class='ocr_line' id='line_1_50' title="bbox 1518 1152 2530 1220; baseline -0.003 -19"><span class='ocrx_word' id='word_1_303' title='bbox 1518 1172 1630 1202; x_wconf 88' lang='lat' dir='ltr'><strong>nam</strong></span> <span class='ocrx_word' id='word_1_304' title='bbox 1646 1171 1765 1203; x_wconf 78' lang='lat' dir='ltr'><strong>mox</strong></span> <span class='ocrx_word' id='word_1_305' title='bbox 1780 1155 1985 1220; x_wconf 82' lang='lat' dir='ltr'><strong>legimus</strong></span> <span class='ocrx_word' id='word_1_306' title='bbox 1996 1189 2010 1215; x_wconf 90' lang='lat'><strong>,</strong></span> <span class='ocrx_word' id='word_1_307' title='bbox 2037 1153 2258 1201; x_wconf 77' lang='lat' dir='ltr'><strong>ordinem</strong></span> <span class='ocrx_word' id='word_1_308' title='bbox 2280 1152 2530 1216; x_wconf 85' lang='lat' dir='ltr'><strong>subsigna-</strong></span> 
     </span>
     <span class='ocr_line' id='line_1_51' title="bbox 1518 1234 2535 1299; baseline -0.003 -18"><span class='ocrx_word' id='word_1_309' title='bbox 1518 1249 1720 1293; x_wconf 90' lang='lat' dir='ltr'><strong>norum,</strong></span> <span class='ocrx_word' id='word_1_310' title='bbox 1759 1251 1845 1281; x_wconf 89' lang='lat' dir='ltr'><strong>seu</strong></span> <span class='ocrx_word' id='word_1_311' title='bbox 1886 1234 2165 1299; x_wconf 83' lang='lat' dir='ltr'><strong>pilanorum</strong></span> <span class='ocrx_word' id='word_1_312' title='bbox 2202 1242 2299 1279; x_wconf 86' lang='lat' dir='ltr'><strong>tres</strong></span> <span class='ocrx_word' id='word_1_313' title='bbox 2340 1242 2500 1295; x_wconf 86' lang='lat' dir='ltr'><strong>partes</strong></span> <span class='ocrx_word' id='word_1_314' title='bbox 2518 1269 2535 1292; x_wconf 88' lang='lat'><strong>,</strong></span> 
     </span>
     <span class='ocr_line' id='line_1_52' title="bbox 1520 1310 2531 1371; baseline -0.004 -9"><span class='ocrx_word' id='word_1_315' title='bbox 1520 1329 1605 1362; x_wconf 83' lang='lat' dir='ltr'><strong>seu</strong></span> <span class='ocrx_word' id='word_1_316' title='bbox 1649 1314 1742 1362; x_wconf 85' lang='lat' dir='ltr'><strong>tria</strong></span> <span class='ocrx_word' id='word_1_317' title='bbox 1784 1314 1961 1361; x_wconf 85' lang='lat' dir='ltr'><strong>vexilla</strong></span> <span class='ocrx_word' id='word_1_318' title='bbox 1976 1346 1990 1371; x_wconf 92' lang='lat'><strong>,</strong></span> <span class='ocrx_word' id='word_1_319' title='bbox 2044 1324 2094 1360; x_wconf 89' lang='lat' dir='ltr'><strong>et</strong></span> <span class='ocrx_word' id='word_1_320' title='bbox 2131 1312 2228 1359; x_wconf 83' lang='lat'><strong>186</strong></span> <span class='ocrx_word' id='word_1_321' title='bbox 2273 1310 2496 1358; x_wconf 88' lang='lat' dir='ltr'><strong>homines</strong></span> <span class='ocrx_word' id='word_1_322' title='bbox 2515 1347 2531 1370; x_wconf 89' lang='lat'>‚</span> 
     </span>
     <span class='ocr_line' id='line_1_53' title="bbox 1519 1390 2532 1457; baseline -0.003 -17"><span class='ocrx_word' id='word_1_323' title='bbox 1519 1392 1737 1457; x_wconf 80' lang='lat' dir='ltr'><strong>adeoque</strong></span> <span class='ocrx_word' id='word_1_324' title='bbox 1773 1393 1922 1456; x_wconf 71' lang='lat' dir='ltr'><strong>triplo</strong></span> <span class='ocrx_word' id='word_1_325' title='bbox 1954 1392 2066 1456; x_wconf 89' lang='lat' dir='ltr'><strong>plus</strong></span> <span class='ocrx_word' id='word_1_326' title='bbox 2092 1390 2347 1448; x_wconf 82' lang='lat' dir='ltr'><strong>hominum</strong></span> <span class='ocrx_word' id='word_1_327' title='bbox 2373 1391 2532 1437; x_wconf 88' lang='lat' dir='ltr'><strong>conti-</strong></span> 
     </span>
     <span class='ocr_line' id='line_1_54' title="bbox 1518 1468 2532 1535; baseline -0.003 -17"><span class='ocrx_word' id='word_1_328' title='bbox 1518 1472 1679 1519; x_wconf 88' lang='lat' dir='ltr'><strong>nuisse</strong></span> <span class='ocrx_word' id='word_1_329' title='bbox 1693 1508 1707 1531; x_wconf 94' lang='lat'><strong>,</strong></span> <span class='ocrx_word' id='word_1_330' title='bbox 1730 1488 1873 1535; x_wconf 84' lang='lat' dir='ltr'><strong>quam</strong></span> <span class='ocrx_word' id='word_1_331' title='bbox 1898 1470 2120 1519; x_wconf 86' lang='lat' dir='ltr'><strong>ordinem</strong></span> <span class='ocrx_word' id='word_1_332' title='bbox 2138 1468 2438 1517; x_wconf 83' lang='lat' dir='ltr'><strong>hastatorum</strong></span> <span class='ocrx_word' id='word_1_333' title='bbox 2454 1470 2532 1516; x_wconf 86' lang='lat' dir='ltr'><strong>vel</strong></span> 
     </span>
     <span class='ocr_line' id='line_1_55' title="bbox 1517 1552 2535 1615; baseline -0.002 -18"><span class='ocrx_word' id='word_1_334' title='bbox 1517 1552 1811 1615; x_wconf 88' lang='lat' dir='ltr'><strong>principum.</strong></span> <span class='ocrx_word' id='word_1_335' title='bbox 1853 1552 2151 1615; x_wconf 77' lang='lat' dir='ltr'><strong>Synonymae</strong></span> <span class='ocrx_word' id='word_1_336' title='bbox 2190 1553 2350 1597; x_wconf 86' lang='lat' dir='ltr'><strong>autem</strong></span> <span class='ocrx_word' id='word_1_337' title='bbox 2388 1563 2535 1596; x_wconf 84' lang='lat' dir='ltr'><strong>voces</strong></span> 
     </span>
     <span class='ocr_line' id='line_1_56' title="bbox 1518 1627 2539 1694; baseline -0.003 -17"><span class='ocrx_word' id='word_1_338' title='bbox 1518 1641 1633 1677; x_wconf 88' lang='lat' dir='ltr'><strong>sunt</strong></span> <span class='ocrx_word' id='word_1_339' title='bbox 1657 1630 1778 1680; x_wconf 86' lang='lat' dir='ltr'><strong>ordo</strong></span> <span class='ocrx_word' id='word_1_340' title='bbox 1802 1627 1940 1694; x_wconf 87' lang='lat' dir='ltr'><strong>(scil.</strong></span> <span class='ocrx_word' id='word_1_341' title='bbox 1967 1629 2267 1684; x_wconf 84' lang='lat' dir='ltr'><strong>hastatorum</strong></span> <span class='ocrx_word' id='word_1_342' title='bbox 2288 1639 2338 1676; x_wconf 88' lang='lat' dir='ltr'><strong>et</strong></span> <span class='ocrx_word' id='word_1_343' title='bbox 2356 1628 2539 1692; x_wconf 87' lang='lat' dir='ltr'><strong>princi-</strong></span> 
     </span>
     <span class='ocr_line' id='line_1_57' title="bbox 1517 1707 2535 1775; baseline -0.003 -18"><span class='ocrx_word' id='word_1_344' title='bbox 1517 1707 1685 1775; x_wconf 83' lang='lat' dir='ltr'><strong>pum),</strong></span> <span class='ocrx_word' id='word_1_345' title='bbox 1722 1709 2019 1773; x_wconf 80' lang='lat' dir='ltr'><strong>manipulus,</strong></span> <span class='ocrx_word' id='word_1_346' title='bbox 2053 1707 2271 1755; x_wconf 81' lang='lat' dir='ltr'><strong>centuria</strong></span> <span class='ocrx_word' id='word_1_347' title='bbox 2297 1718 2347 1755; x_wconf 88' lang='lat' dir='ltr'><strong>et</strong></span> <span class='ocrx_word' id='word_1_348' title='bbox 2370 1707 2535 1754; x_wconf 72' lang='lat' dir='ltr'><strong>vexil-</strong></span> 
     </span>
     <span class='ocr_line' id='line_1_58' title="bbox 1520 1785 2534 1857; baseline -0.001 -19"><span class='ocrx_word' id='word_1_349' title='bbox 1520 1790 1632 1838; x_wconf 84' lang='lat' dir='ltr'><strong>lum.</strong></span> <span class='ocrx_word' id='word_1_350' title='bbox 1657 1785 1937 1855; x_wconf 63' lang='lat' dir='ltr'><strong>Polyhvl,</strong></span> <span class='ocrx_word' id='word_1_351' title='bbox 1967 1805 2030 1837; x_wconf 79' lang='lat'><strong>22</strong></span> <span class='ocrx_word' id='word_1_352' title='bbox 2047 1822 2063 1848; x_wconf 93' lang='lat'><strong>,</strong></span> <span class='ocrx_word' id='word_1_353' title='bbox 2088 1786 2172 1839; x_wconf 80' lang='grc' dir='ltr'><strong>καὶ</strong></span> <span class='ocrx_word' id='word_1_354' title='bbox 2198 1789 2254 1838; x_wconf 80' lang='grc' dir='ltr'><strong>τὸ</strong></span> <span class='ocrx_word' id='word_1_355' title='bbox 2281 1786 2366 1857; x_wconf 82' lang='grc' dir='ltr'><strong>μὲν</strong></span> <span class='ocrx_word' id='word_1_356' title='bbox 2391 1788 2534 1857; x_wconf 81' lang='grc' dir='ltr'><strong>μέρος</strong></span> 
     </span>
     <span class='ocr_line' id='line_1_59' title="bbox 1524 1864 2537 1938; baseline -0.005 -19"><span class='ocrx_word' id='word_1_357' title='bbox 1524 1869 1731 1920; x_wconf 74' lang='grc' dir='ltr'>ἕκαστον</span> <span class='ocrx_word' id='word_1_358' title='bbox 1760 1868 1997 1919; x_wconf 73' lang='grc' dir='ltr'><strong>ἐκάλεσαν</strong></span> <span class='ocrx_word' id='word_1_359' title='bbox 2031 1864 2114 1919; x_wconf 81' lang='grc' dir='ltr'><strong>καὶ</strong></span> <span class='ocrx_word' id='word_1_360' title='bbox 2145 1867 2324 1938; x_wconf 75' lang='grc' dir='ltr'><strong>τάγμα</strong></span> <span class='ocrx_word' id='word_1_361' title='bbox 2365 1867 2537 1934; x_wconf 83' lang='lat' dir='ltr'><strong>(ordi-</strong></span> 
     </span>
     <span class='ocr_line' id='line_1_60' title="bbox 1522 1945 2532 2017; baseline -0.005 -22"><span class='ocrx_word' id='word_1_362' title='bbox 1522 1947 1694 2012; x_wconf 83' lang='lat' dir='ltr'><strong>nem),</strong></span> <span class='ocrx_word' id='word_1_363' title='bbox 1739 1947 1823 2000; x_wconf 72' lang='grc' dir='ltr'><strong>καὶ</strong></span> <span class='ocrx_word' id='word_1_364' title='bbox 1862 1948 2063 2017; x_wconf 75' lang='grc' dir='ltr'>σπεῖραν</span> <span class='ocrx_word' id='word_1_365' title='bbox 2118 1945 2459 2011; x_wconf 79' lang='lat' dir='ltr'><strong>(manipulum</strong></span> <span class='ocrx_word' id='word_1_366' title='bbox 2485 1947 2532 2012; x_wconf 93' lang='lat'><strong>),</strong></span> 
     </span>
     <span class='ocr_line' id='line_1_61' title="bbox 1521 2025 2538 2097; baseline -0.006 -20"><span class='ocrx_word' id='word_1_367' title='bbox 1521 2026 1605 2080; x_wconf 78' lang='grc' dir='ltr'><strong>καὶ</strong></span> <span class='ocrx_word' id='word_1_368' title='bbox 1635 2027 1880 2097; x_wconf 74' lang='grc' dir='ltr'><strong>σημαίαν,</strong></span> <span class='ocrx_word' id='word_1_369' title='bbox 1916 2027 2153 2075; x_wconf 78' lang='lat' dir='ltr'><strong>vexillum</strong></span> <span class='ocrx_word' id='word_1_370' title='bbox 2175 2042 2193 2072; x_wconf 91' lang='lat'><strong>.·</strong></span> <span class='ocrx_word' id='word_1_371' title='bbox 2222 2040 2335 2071; x_wconf 86' lang='lat' dir='ltr'><strong>nam</strong></span> <span class='ocrx_word' id='word_1_372' title='bbox 2360 2025 2538 2087; x_wconf 88' lang='lat' dir='ltr'><strong>cuique</strong></span> 
     </span>
     <span class='ocr_line' id='line_1_62' title="bbox 1521 2103 2539 2155; baseline -0.003 0"><span class='ocrx_word' id='word_1_373' title='bbox 1521 2108 1753 2155; x_wconf 84' lang='lat' dir='ltr'><strong>centuriae</strong></span> <span class='ocrx_word' id='word_1_374' title='bbox 1779 2123 1920 2155; x_wconf 85' lang='lat' dir='ltr'><strong>suum</strong></span> <span class='ocrx_word' id='word_1_375' title='bbox 1943 2116 2044 2154; x_wconf 87' lang='lat' dir='ltr'><strong>erat</strong></span> <span class='ocrx_word' id='word_1_376' title='bbox 2061 2104 2296 2153; x_wconf 75' lang='lat' dir='ltr'><strong>vexillum</strong></span> <span class='ocrx_word' id='word_1_377' title='bbox 2318 2116 2367 2151; x_wconf 88' lang='lat' dir='ltr'><strong>et</strong></span> <span class='ocrx_word' id='word_1_378' title='bbox 2384 2103 2539 2152; x_wconf 77' lang='lat' dir='ltr'><strong>vexil-</strong></span> 
     </span>
    </p>
   </div>
   <div class='ocr_carea' id='block_1_9' title="bbox 1509 2182 2539 2248">
    <p class='ocr_par' dir='ltr' id='par_1_10' title="bbox 1509 2182 2539 2248">
     <span class='ocr_line' id='line_1_63' title="bbox 1509 2182 2539 2248; baseline -0.005 -15"><span class='ocrx_word' id='word_1_379' title='bbox 1509 2186 1694 2248; x_wconf 47' lang='lat' dir='ltr'><strong>‚larius3</strong></span> <span class='ocrx_word' id='word_1_380' title='bbox 1720 2186 1806 2235; x_wconf 90' lang='lat' dir='ltr'><strong>sed</strong></span> <span class='ocrx_word' id='word_1_381' title='bbox 1831 2185 2022 2234; x_wconf 74' lang='lat' dir='ltr'><strong>vexilla</strong></span> <span class='ocrx_word' id='word_1_382' title='bbox 2043 2184 2097 2232; x_wconf 84' lang='lat' dir='ltr'><strong>in</strong></span> <span class='ocrx_word' id='word_1_383' title='bbox 2115 2183 2212 2231; x_wconf 90' lang='lat' dir='ltr'><strong>hoc</strong></span> <span class='ocrx_word' id='word_1_384' title='bbox 2232 2198 2341 2247; x_wconf 87' lang='lat' dir='ltr'><strong>cap.</strong></span> <span class='ocrx_word' id='word_1_385' title='bbox 2361 2182 2539 2229; x_wconf 85' lang='lat' dir='ltr'><strong>triariis</strong></span> 
     </span>
    </p>
   </div>
   <div class='ocr_carea' id='block_1_10' title="bbox 1521 2262 2552 4210">
    <p class='ocr_par' dir='ltr' id='par_1_11' title="bbox 1521 2262 2552 4210">
     <span class='ocr_line' id='line_1_64' title="bbox 1521 2262 2540 2324; baseline -0.005 -12"><span class='ocrx_word' id='word_1_386' title='bbox 1521 2276 1709 2313; x_wconf 88' lang='lat' dir='ltr'><strong>tantum</strong></span> <span class='ocrx_word' id='word_1_387' title='bbox 1724 2266 2022 2324; x_wconf 82' lang='lat' dir='ltr'><strong>tribuuntur,</strong></span> <span class='ocrx_word' id='word_1_388' title='bbox 2041 2274 2098 2312; x_wconf 90' lang='lat' dir='ltr'><strong>ut</strong></span> <span class='ocrx_word' id='word_1_389' title='bbox 2115 2262 2262 2311; x_wconf 86' lang='lat' dir='ltr'><strong>sociis</strong></span> <span class='ocrx_word' id='word_1_390' title='bbox 2280 2263 2513 2309; x_wconf 76' lang='lat' dir='ltr'><strong>XXXIX</strong></span> <span class='ocrx_word' id='word_1_391' title='bbox 2526 2295 2540 2319; x_wconf 92' lang='lat'><strong>,</strong></span> 
     </span>
     <span class='ocr_line' id='line_1_65' title="bbox 1525 2341 2543 2410; baseline -0.004 -19"><span class='ocrx_word' id='word_1_392' title='bbox 1525 2360 1616 2403; x_wconf 74' lang='lat'><strong>20,</strong></span> <span class='ocrx_word' id='word_1_393' title='bbox 1638 2345 1726 2392; x_wconf 86' lang='lat' dir='ltr'><strong>ubi</strong></span> <span class='ocrx_word' id='word_1_394' title='bbox 1746 2362 1775 2392; x_wconf 92' lang='lat' dir='ltr'><strong>a</strong></span> <span class='ocrx_word' id='word_1_395' title='bbox 1799 2344 1946 2410; x_wconf 50' lang='lat' dir='ltr'><strong>Signis</strong></span> <span class='ocrx_word' id='word_1_396' title='bbox 1966 2344 2217 2407; x_wconf 85' lang='lat' dir='ltr'><strong>legionum</strong></span> <span class='ocrx_word' id='word_1_397' title='bbox 2237 2341 2543 2404; x_wconf 84' lang='lat' dir='ltr'><strong>distinguun-</strong></span> 
     </span>
     <span class='ocr_line' id='line_1_66' title="bbox 1525 2419 2543 2486; baseline -0.006 -14"><span class='ocrx_word' id='word_1_398' title='bbox 1525 2434 1630 2472; x_wconf 87' lang='lat' dir='ltr'><strong>tur:</strong></span> <span class='ocrx_word' id='word_1_399' title='bbox 1654 2440 1766 2472; x_wconf 86' lang='lat' dir='ltr'><strong>nam</strong></span> <span class='ocrx_word' id='word_1_400' title='bbox 1779 2424 1956 2471; x_wconf 82' lang='lat' dir='ltr'><strong>vexilla</strong></span> <span class='ocrx_word' id='word_1_401' title='bbox 1973 2423 2107 2485; x_wconf 69' lang='lat' dir='ltr'><strong>fuere</strong></span> <span class='ocrx_word' id='word_1_402' title='bbox 2119 2432 2290 2486; x_wconf 87' lang='lat' dir='ltr'><strong>postea</strong></span> <span class='ocrx_word' id='word_1_403' title='bbox 2303 2419 2450 2467; x_wconf 82' lang='lat' dir='ltr'><strong>sociis</strong></span> <span class='ocrx_word' id='word_1_404' title='bbox 2460 2453 2475 2477; x_wconf 91' lang='lat'>‚</span> <span class='ocrx_word' id='word_1_405' title='bbox 2491 2430 2543 2467; x_wconf 87' lang='lat' dir='ltr'><strong>et</strong></span> 
     </span>
     <span class='ocr_line' id='line_1_67' title="bbox 1524 2497 2537 2567; baseline -0.005 -17"><span class='ocrx_word' id='word_1_406' title='bbox 1524 2504 1661 2567; x_wconf 85' lang='lat' dir='ltr'><strong>signa</strong></span> <span class='ocrx_word' id='word_1_407' title='bbox 1676 2504 1967 2567; x_wconf 84' lang='lat' dir='ltr'><strong>legionibus.</strong></span> <span class='ocrx_word' id='word_1_408' title='bbox 1981 2500 2080 2567; x_wconf 86' lang='lat' dir='ltr'><strong>(Cf.</strong></span> <span class='ocrx_word' id='word_1_409' title='bbox 2096 2502 2266 2559; x_wconf 76' lang='lat' dir='ltr'><strong>XXV,</strong></span> <span class='ocrx_word' id='word_1_410' title='bbox 2287 2501 2350 2546; x_wconf 78' lang='lat'><strong>23</strong></span> <span class='ocrx_word' id='word_1_411' title='bbox 2364 2535 2378 2558; x_wconf 93' lang='lat'>‚</span> <span class='ocrx_word' id='word_1_412' title='bbox 2395 2515 2445 2546; x_wconf 90' lang='lat' dir='ltr'><strong>n.</strong></span> <span class='ocrx_word' id='word_1_413' title='bbox 2463 2497 2537 2563; x_wconf 87' lang='grc'><strong>9.)</strong></span> 
     </span>
     <span class='ocr_line' id='line_1_68' title="bbox 1523 2578 2540 2646; baseline -0.004 -17"><span class='ocrx_word' id='word_1_414' title='bbox 1523 2585 1633 2630; x_wconf 78' lang='lat' dir='ltr'><strong>Jam</strong></span> <span class='ocrx_word' id='word_1_415' title='bbox 1661 2585 1760 2631; x_wconf 77' lang='lat' dir='ltr'><strong>XV</strong></span> <span class='ocrx_word' id='word_1_416' title='bbox 1789 2595 1927 2632; x_wconf 90' lang='lat' dir='ltr'><strong>erant</strong></span> <span class='ocrx_word' id='word_1_417' title='bbox 1950 2581 2213 2646; x_wconf 84' lang='lat' dir='ltr'><strong>manipuli,</strong></span> <span class='ocrx_word' id='word_1_418' title='bbox 2235 2593 2320 2628; x_wconf 87' lang='lat' dir='ltr'><strong>seu</strong></span> <span class='ocrx_word' id='word_1_419' title='bbox 2341 2578 2540 2627; x_wconf 85' lang='lat' dir='ltr'><strong>ordines</strong></span> 
     </span>
     <span class='ocr_line' id='line_1_69' title="bbox 1525 2659 2545 2725; baseline -0.003 -17"><span class='ocrx_word' id='word_1_420' title='bbox 1525 2671 1574 2708; x_wconf 87' lang='lat' dir='ltr'><strong>et</strong></span> <span class='ocrx_word' id='word_1_421' title='bbox 1591 2661 1891 2709; x_wconf 78' lang='lat' dir='ltr'><strong>hastatorum</strong></span> <span class='ocrx_word' id='word_1_422' title='bbox 1913 2674 1961 2709; x_wconf 88' lang='lat' dir='ltr'><strong>et</strong></span> <span class='ocrx_word' id='word_1_423' title='bbox 1979 2661 2258 2725; x_wconf 87' lang='lat' dir='ltr'><strong>principum</strong></span> <span class='ocrx_word' id='word_1_424' title='bbox 2278 2659 2427 2724; x_wconf 84' lang='lat' dir='ltr'><strong>(quos</strong></span> <span class='ocrx_word' id='word_1_425' title='bbox 2445 2674 2545 2705; x_wconf 90' lang='lat' dir='ltr'><strong>om-</strong></span> 
     </span>
     <span class='ocr_line' id='line_1_70' title="bbox 1525 2739 2543 2802; baseline 0.001 -18"><span class='ocrx_word' id='word_1_426' title='bbox 1525 2753 1612 2784; x_wconf 85' lang='lat' dir='ltr'><strong>nes</strong></span> <span class='ocrx_word' id='word_1_427' title='bbox 1642 2740 1947 2801; x_wconf 78' lang='lat' dir='ltr'><strong>antepilanos</strong></span> <span class='ocrx_word' id='word_1_428' title='bbox 1971 2739 2053 2786; x_wconf 78' lang='lat' dir='ltr'><strong>vel</strong></span> <span class='ocrx_word' id='word_1_429' title='bbox 2083 2739 2424 2801; x_wconf 86' lang='lat' dir='ltr'><strong>antesignanos</strong></span> <span class='ocrx_word' id='word_1_430' title='bbox 2457 2755 2543 2802; x_wconf 89' lang='lat' dir='ltr'><strong>ap-</strong></span> 
     </span>
     <span class='ocr_line' id='line_1_71' title="bbox 1527 2814 2544 2880; baseline 0.002 -20"><span class='ocrx_word' id='word_1_431' title='bbox 1527 2814 1800 2876; x_wconf 80' lang='lat' dir='ltr'><strong>pellabant3</strong></span> <span class='ocrx_word' id='word_1_432' title='bbox 1842 2816 1958 2863; x_wconf 82' lang='lat' dir='ltr'><strong>vide</strong></span> <span class='ocrx_word' id='word_1_433' title='bbox 1997 2815 2058 2864; x_wconf 94' lang='lat' dir='ltr'><strong>ad</strong></span> <span class='ocrx_word' id='word_1_434' title='bbox 2098 2818 2149 2863; x_wconf 91' lang='lat'><strong>11</strong></span> <span class='ocrx_word' id='word_1_435' title='bbox 2168 2850 2183 2874; x_wconf 89' lang='lat'>‚</span> <span class='ocrx_word' id='word_1_436' title='bbox 2227 2832 2321 2874; x_wconf 80' lang='lat'><strong>20,</strong></span> <span class='ocrx_word' id='word_1_437' title='bbox 2360 2832 2410 2862; x_wconf 91' lang='grc' dir='ltr'><strong>ιι.</strong></span> <span class='ocrx_word' id='word_1_438' title='bbox 2449 2817 2477 2862; x_wconf 91' lang='grc'><strong>3</strong></span> <span class='ocrx_word' id='word_1_439' title='bbox 2499 2814 2544 2880; x_wconf 88' lang='grc'><strong>);</strong></span> 
     </span>
     <span class='ocr_line' id='line_1_72' title="bbox 1529 2885 2544 2956; baseline 0.002 -17"><span class='ocrx_word' id='word_1_440' title='bbox 1529 2885 1830 2956; x_wconf 82' lang='lat' dir='ltr'><strong>totidemque</strong></span> <span class='ocrx_word' id='word_1_441' title='bbox 1854 2904 2016 2956; x_wconf 80' lang='lat' dir='ltr'><strong>partes</strong></span> <span class='ocrx_word' id='word_1_442' title='bbox 2040 2903 2125 2940; x_wconf 81' lang='lat' dir='ltr'><strong>aut</strong></span> <span class='ocrx_word' id='word_1_443' title='bbox 2149 2887 2329 2941; x_wconf 84' lang='lat' dir='ltr'><strong>vexilla</strong></span> <span class='ocrx_word' id='word_1_444' title='bbox 2355 2905 2403 2941; x_wconf 89' lang='lat' dir='ltr'><strong>et</strong></span> <span class='ocrx_word' id='word_1_445' title='bbox 2429 2895 2544 2941; x_wconf 89' lang='lat' dir='ltr'><strong>tria-</strong></span> 
     </span>
     <span class='ocr_line' id='line_1_73' title="bbox 1529 2969 2544 3028; baseline 0.004 -13"><span class='ocrx_word' id='word_1_446' title='bbox 1529 2969 1737 3028; x_wconf 89' lang='lat' dir='ltr'><strong>riorum,</strong></span> <span class='ocrx_word' id='word_1_447' title='bbox 1764 2982 1814 3019; x_wconf 88' lang='lat' dir='ltr'><strong>et</strong></span> <span class='ocrx_word' id='word_1_448' title='bbox 1839 2970 2136 3018; x_wconf 78' lang='lat' dir='ltr'><strong>rotariorum</strong></span> <span class='ocrx_word' id='word_1_449' title='bbox 2159 2982 2208 3019; x_wconf 89' lang='lat' dir='ltr'><strong>et</strong></span> <span class='ocrx_word' id='word_1_450' title='bbox 2229 2985 2544 3019; x_wconf 87' lang='lat' dir='ltr'><strong>accensorum</strong></span> 
     </span>
     <span class='ocr_line' id='line_1_74' title="bbox 1531 3048 2544 3114; baseline 0.003 -19"><span class='ocrx_word' id='word_1_451' title='bbox 1531 3048 1650 3111; x_wconf 88' lang='lat' dir='ltr'><strong>(qui</strong></span> <span class='ocrx_word' id='word_1_452' title='bbox 1674 3064 1842 3096; x_wconf 85' lang='lat' dir='ltr'><strong>omnes</strong></span> <span class='ocrx_word' id='word_1_453' title='bbox 1866 3050 1953 3097; x_wconf 82' lang='lat' dir='ltr'><strong>sub</strong></span> <span class='ocrx_word' id='word_1_454' title='bbox 1975 3049 2148 3113; x_wconf 76' lang='lat' dir='ltr'><strong>signis,</strong></span> <span class='ocrx_word' id='word_1_455' title='bbox 2180 3049 2232 3097; x_wconf 84' lang='lat' dir='ltr'><strong>h.</strong></span> <span class='ocrx_word' id='word_1_456' title='bbox 2261 3067 2302 3097; x_wconf 91' lang='lat' dir='ltr'><strong>e.</strong></span> <span class='ocrx_word' id='word_1_457' title='bbox 2334 3053 2450 3114; x_wconf 78' lang='lat' dir='ltr'><strong>post</strong></span> <span class='ocrx_word' id='word_1_458' title='bbox 2480 3053 2544 3098; x_wconf 90' lang='lat' dir='ltr'><strong>si·</strong></span> 
     </span>
     <span class='ocr_line' id='line_1_75' title="bbox 1531 3127 2542 3191; baseline 0.005 -18"><span class='ocrx_word' id='word_1_459' title='bbox 1531 3142 1653 3191; x_wconf 82' lang='lat' dir='ltr'><strong>gna,</strong></span> <span class='ocrx_word' id='word_1_460' title='bbox 1686 3127 1836 3176; x_wconf 82' lang='lat' dir='ltr'><strong>locati</strong></span> <span class='ocrx_word' id='word_1_461' title='bbox 1858 3138 2019 3186; x_wconf 88' lang='lat' dir='ltr'><strong>erant,</strong></span> <span class='ocrx_word' id='word_1_462' title='bbox 2039 3129 2153 3176; x_wconf 86' lang='lat' dir='ltr'><strong>vide</strong></span> <span class='ocrx_word' id='word_1_463' title='bbox 2175 3130 2238 3176; x_wconf 88' lang='lat' dir='ltr'><strong>ad</strong></span> <span class='ocrx_word' id='word_1_464' title='bbox 2262 3132 2342 3189; x_wconf 88' lang='lat'><strong>11,</strong></span> <span class='ocrx_word' id='word_1_465' title='bbox 2369 3146 2434 3177; x_wconf 81' lang='lat'><strong>20</strong></span> <span class='ocrx_word' id='word_1_466' title='bbox 2451 3165 2465 3189; x_wconf 92' lang='lat'><strong>,</strong></span> <span class='ocrx_word' id='word_1_467' title='bbox 2492 3147 2542 3178; x_wconf 90' lang='lat' dir='ltr'><strong>n.</strong></span> 
     </span>
     <span class='ocr_line' id='line_1_76' title="bbox 1534 3206 2545 3270; baseline 0.003 -16"><span class='ocrx_word' id='word_1_468' title='bbox 1534 3207 1590 3263; x_wconf 82' lang='lat'><strong>3,</strong></span> <span class='ocrx_word' id='word_1_469' title='bbox 1621 3206 1750 3254; x_wconf 86' lang='lat' dir='ltr'><strong>etin</strong></span> <span class='ocrx_word' id='word_1_470' title='bbox 1774 3208 1874 3254; x_wconf 79' lang='lat' dir='ltr'><strong>XV</strong></span> <span class='ocrx_word' id='word_1_471' title='bbox 1905 3222 2099 3270; x_wconf 88' lang='lat' dir='ltr'><strong>quoque</strong></span> <span class='ocrx_word' id='word_1_472' title='bbox 2135 3208 2332 3256; x_wconf 84' lang='lat' dir='ltr'><strong>ordines</strong></span> <span class='ocrx_word' id='word_1_473' title='bbox 2368 3209 2545 3269; x_wconf 83' lang='lat' dir='ltr'><strong>divisi,</strong></span> 
     </span>
     <span class='ocr_line' id='line_1_77' title="bbox 1531 3287 2548 3353; baseline 0.003 -20"><span class='ocrx_word' id='word_1_474' title='bbox 1531 3301 1740 3349; x_wconf 84' lang='lat' dir='ltr'><strong>quorum</strong></span> <span class='ocrx_word' id='word_1_475' title='bbox 1770 3296 1931 3333; x_wconf 88' lang='lat' dir='ltr'><strong>tamen</strong></span> <span class='ocrx_word' id='word_1_476' title='bbox 1962 3287 2285 3352; x_wconf 78' lang='lat' dir='ltr'><strong>unusquisque</strong></span> <span class='ocrx_word' id='word_1_477' title='bbox 2312 3300 2405 3336; x_wconf 86' lang='lat' dir='ltr'><strong>tres</strong></span> <span class='ocrx_word' id='word_1_478' title='bbox 2425 3305 2548 3353; x_wconf 82' lang='lat' dir='ltr'><strong>par·-</strong></span> 
     </span>
     <span class='ocr_line' id='line_1_78' title="bbox 1533 3364 2548 3427; baseline 0.004 -16"><span class='ocrx_word' id='word_1_479' title='bbox 1533 3376 1626 3421; x_wconf 84' lang='lat' dir='ltr'><strong>tes,</strong></span> <span class='ocrx_word' id='word_1_480' title='bbox 1658 3380 1743 3412; x_wconf 89' lang='lat' dir='ltr'><strong>seu</strong></span> <span class='ocrx_word' id='word_1_481' title='bbox 1769 3365 1861 3413; x_wconf 88' lang='lat' dir='ltr'><strong>tria</strong></span> <span class='ocrx_word' id='word_1_482' title='bbox 1885 3364 2076 3413; x_wconf 72' lang='lat' dir='ltr'><strong>vexilla</strong></span> <span class='ocrx_word' id='word_1_483' title='bbox 2094 3365 2330 3423; x_wconf 79' lang='lat' dir='ltr'><strong>habebat,</strong></span> <span class='ocrx_word' id='word_1_484' title='bbox 2360 3378 2410 3415; x_wconf 87' lang='lat' dir='ltr'><strong>et</strong></span> <span class='ocrx_word' id='word_1_485' title='bbox 2425 3369 2548 3427; x_wconf 84' lang='lat'><strong>186,</strong></span> 
     </span>
     <span class='ocr_line' id='line_1_79' title="bbox 1533 3443 2548 3509; baseline 0.001 -18"><span class='ocrx_word' id='word_1_486' title='bbox 1533 3458 1637 3491; x_wconf 90' lang='lat' dir='ltr'><strong>non</strong></span> <span class='ocrx_word' id='word_1_487' title='bbox 1695 3446 1759 3492; x_wconf 79' lang='lat'><strong>62</strong></span> <span class='ocrx_word' id='word_1_488' title='bbox 1811 3444 2063 3491; x_wconf 89' lang='lat' dir='ltr'><strong>hominum</strong></span> <span class='ocrx_word' id='word_1_489' title='bbox 2112 3443 2251 3508; x_wconf 89' lang='lat' dir='ltr'><strong>erat)</strong></span> <span class='ocrx_word' id='word_1_490' title='bbox 2271 3480 2285 3503; x_wconf 93' lang='lat'>‚</span> <span class='ocrx_word' id='word_1_491' title='bbox 2329 3445 2548 3509; x_wconf 85' lang='lat' dir='ltr'><strong>adeoque</strong></span> 
     </span>
     <span class='ocr_line' id='line_1_80' title="bbox 1532 3523 2550 3588; baseline 0.003 -19"><span class='ocrx_word' id='word_1_492' title='bbox 1532 3524 1722 3571; x_wconf 79' lang='lat' dir='ltr'><strong>Lxxv</strong></span> <span class='ocrx_word' id='word_1_493' title='bbox 1757 3524 1993 3588; x_wconf 85' lang='lat' dir='ltr'><strong>manipuli</strong></span> <span class='ocrx_word' id='word_1_494' title='bbox 2027 3533 2110 3572; x_wconf 88' lang='lat' dir='ltr'><strong>aut</strong></span> <span class='ocrx_word' id='word_1_495' title='bbox 2146 3523 2325 3571; x_wconf 78' lang='lat' dir='ltr'><strong>vexilla</strong></span> <span class='ocrx_word' id='word_1_496' title='bbox 2358 3524 2411 3569; x_wconf 91' lang='lat' dir='ltr'><strong>in</strong></span> <span class='ocrx_word' id='word_1_497' title='bbox 2446 3534 2550 3572; x_wconf 83' lang='lat' dir='ltr'><strong>tota</strong></span> 
     </span>
     <span class='ocr_line' id='line_1_81' title="bbox 1531 3602 2550 3667; baseline 0.001 -18"><span class='ocrx_word' id='word_1_498' title='bbox 1531 3602 1740 3666; x_wconf 86' lang='lat' dir='ltr'><strong>legione.</strong></span> <span class='ocrx_word' id='word_1_499' title='bbox 1773 3603 2060 3667; x_wconf 86' lang='lat' dir='ltr'><strong>Manipulus</strong></span> <span class='ocrx_word' id='word_1_500' title='bbox 2087 3603 2167 3651; x_wconf 87' lang='lat' dir='ltr'><strong>vel</strong></span> <span class='ocrx_word' id='word_1_501' title='bbox 2189 3602 2421 3650; x_wconf 81' lang='lat' dir='ltr'><strong>vexillum</strong></span> <span class='ocrx_word' id='word_1_502' title='bbox 2448 3603 2512 3650; x_wconf 79' lang='lat'><strong>62</strong></span> <span class='ocrx_word' id='word_1_503' title='bbox 2535 3638 2550 3663; x_wconf 93' lang='lat'><strong>,</strong></span> 
     </span>
     <span class='ocr_line' id='line_1_82' title="bbox 1531 3681 2545 3748; baseline 0.002 -21"><span class='ocrx_word' id='word_1_504' title='bbox 1531 3682 1632 3729; x_wconf 76' lang='lat' dir='ltr'><strong>XV</strong></span> <span class='ocrx_word' id='word_1_505' title='bbox 1653 3682 1803 3744; x_wconf 83' lang='lat' dir='ltr'><strong>igitur</strong></span> <span class='ocrx_word' id='word_1_506' title='bbox 1827 3683 1955 3743; x_wconf 85' lang='lat'><strong>930,</strong></span> <span class='ocrx_word' id='word_1_507' title='bbox 1980 3683 2169 3729; x_wconf 77' lang='lat' dir='ltr'><strong>Lxxv</strong></span> <span class='ocrx_word' id='word_1_508' title='bbox 2196 3681 2303 3748; x_wconf 80' lang='lat' dir='ltr'><strong>(vel</strong></span> <span class='ocrx_word' id='word_1_509' title='bbox 2321 3682 2545 3729; x_wconf 85' lang='lat' dir='ltr'><strong>universa</strong></span> 
     </span>
     <span class='ocr_line' id='line_1_83' title="bbox 1531 3758 2550 3823; baseline 0.002 -18"><span class='ocrx_word' id='word_1_510' title='bbox 1531 3758 1689 3823; x_wconf 85' lang='lat' dir='ltr'><strong>legio)</strong></span> <span class='ocrx_word' id='word_1_511' title='bbox 1715 3760 1875 3818; x_wconf 78' lang='lat'><strong>4650,</strong></span> <span class='ocrx_word' id='word_1_512' title='bbox 1897 3770 1970 3819; x_wconf 89' lang='lat' dir='ltr'><strong>et,</strong></span> <span class='ocrx_word' id='word_1_513' title='bbox 1994 3760 2036 3806; x_wconf 92' lang='lat' dir='ltr'><strong>si</strong></span> <span class='ocrx_word' id='word_1_514' title='bbox 2055 3759 2133 3807; x_wconf 87' lang='lat' dir='ltr'><strong>his</strong></span> <span class='ocrx_word' id='word_1_515' title='bbox 2156 3761 2220 3821; x_wconf 83' lang='lat'><strong>75</strong></span> <span class='ocrx_word' id='word_1_516' title='bbox 2241 3760 2550 3808; x_wconf 87' lang='lat' dir='ltr'><strong>centuriones</strong></span> 
     </span>
     <span class='ocr_line' id='line_1_84' title="bbox 1532 3837 2551 3900; baseline 0.005 -17"><span class='ocrx_word' id='word_1_517' title='bbox 1532 3837 1834 3900; x_wconf 83' lang='lat' dir='ltr'><strong>totidemque</strong></span> <span class='ocrx_word' id='word_1_518' title='bbox 1846 3837 2123 3886; x_wconf 83' lang='lat' dir='ltr'><strong>vexillarios</strong></span> <span class='ocrx_word' id='word_1_519' title='bbox 2137 3837 2369 3899; x_wconf 84' lang='lat' dir='ltr'><strong>adjeceris</strong></span> <span class='ocrx_word' id='word_1_520' title='bbox 2381 3875 2394 3899; x_wconf 94' lang='lat'>‚</span> <span class='ocrx_word' id='word_1_521' title='bbox 2417 3840 2551 3895; x_wconf 79' lang='grc'><strong>4800</strong></span> 
     </span>
     <span class='ocr_line' id='line_1_85' title="bbox 1534 3914 2549 3980; baseline 0.005 -18"><span class='ocrx_word' id='word_1_522' title='bbox 1534 3914 1756 3963; x_wconf 87' lang='lat' dir='ltr'><strong>homines</strong></span> <span class='ocrx_word' id='word_1_523' title='bbox 1785 3917 2249 3980; x_wconf 87' lang='lat' dir='ltr'><strong>complectebantur.</strong></span> <span class='ocrx_word' id='word_1_524' title='bbox 2279 3918 2369 3967; x_wconf 89' lang='lat' dir='ltr'><strong>His</strong></span> <span class='ocrx_word' id='word_1_525' title='bbox 2395 3915 2436 3966; x_wconf 88' lang='lat' dir='ltr'><strong>si</strong></span> <span class='ocrx_word' id='word_1_526' title='bbox 2464 3920 2549 3967; x_wconf 89' lang='lat' dir='ltr'><strong>ad-</strong></span> 
     </span>
     <span class='ocr_line' id='line_1_86' title="bbox 1538 3994 2549 4058; baseline 0.005 -16"><span class='ocrx_word' id='word_1_527' title='bbox 1538 3994 1717 4043; x_wconf 87' lang='lat' dir='ltr'><strong>dideris</strong></span> <span class='ocrx_word' id='word_1_528' title='bbox 1731 3996 2003 4042; x_wconf 87' lang='lat' dir='ltr'><strong>cornicines</strong></span> <span class='ocrx_word' id='word_1_529' title='bbox 2013 4030 2027 4053; x_wconf 93' lang='lat'>‚</span> <span class='ocrx_word' id='word_1_530' title='bbox 2046 3995 2288 4044; x_wconf 84' lang='lat' dir='ltr'><strong>tubicines</strong></span> <span class='ocrx_word' id='word_1_531' title='bbox 2303 4009 2350 4045; x_wconf 91' lang='lat' dir='ltr'><strong>et</strong></span> <span class='ocrx_word' id='word_1_532' title='bbox 2363 3999 2525 4047; x_wconf 87' lang='lat' dir='ltr'><strong>fabros</strong></span> <span class='ocrx_word' id='word_1_533' title='bbox 2535 4035 2549 4058; x_wconf 94' lang='lat'><strong>,</strong></span> 
     </span>
     <span class='ocr_line' id='line_1_87' title="bbox 1537 4074 2552 4137; baseline 0.007 -17"><span class='ocrx_word' id='word_1_534' title='bbox 1537 4074 1751 4121; x_wconf 89' lang='lat' dir='ltr'><strong>rationes</strong></span> <span class='ocrx_word' id='word_1_535' title='bbox 1773 4085 1866 4121; x_wconf 85' lang='lat' dir='ltr'><strong>tuae</strong></span> <span class='ocrx_word' id='word_1_536' title='bbox 1893 4087 2162 4137; x_wconf 83' lang='lat' dir='ltr'><strong>cong-ruent</strong></span> <span class='ocrx_word' id='word_1_537' title='bbox 2188 4076 2312 4125; x_wconf 88' lang='lat' dir='ltr'><strong>forte</strong></span> <span class='ocrx_word' id='word_1_538' title='bbox 2336 4095 2446 4127; x_wconf 92' lang='lat' dir='ltr'><strong>cum</strong></span> <span class='ocrx_word' id='word_1_539' title='bbox 2473 4080 2552 4127; x_wconf 80' lang='lat' dir='ltr'><strong>Li-</strong></span> 
     </span>
     <span class='ocr_line' id='line_1_88' title="bbox 1538 4153 2233 4210; baseline 0.003 -9"><span class='ocrx_word' id='word_1_540' title='bbox 1538 4153 1710 4201; x_wconf 70' lang='lat' dir='ltr'><strong>viauia.</strong></span> <span class='ocrx_word' id='word_1_541' title='bbox 1733 4153 1877 4202; x_wconf 84' lang='lat' dir='ltr'><strong>Conf.</strong></span> <span class='ocrx_word' id='word_1_542' title='bbox 1900 4166 2006 4202; x_wconf 86' lang='lat' dir='ltr'><strong>not.</strong></span> <span class='ocrx_word' id='word_1_543' title='bbox 2034 4162 2061 4210; x_wconf 81' lang='grc'>4</span> <span class='ocrx_word' id='word_1_544' title='bbox 2090 4166 2139 4202; x_wconf 88' lang='lat' dir='ltr'><strong>et</strong></span> <span class='ocrx_word' id='word_1_545' title='bbox 2160 4171 2233 4205; x_wconf 81' lang='grc' dir='ltr'><strong>ιο.</strong></span> 
     </span>
    </p>
   </div>
  </div>
 </body>
</html>
