3000 4717
2336 311 2384 355 A,
2409 309 2455 348 C.
2484 311 2577 357 434,

506 332 601 417 44
1356 331 1434 397 T·
1499 329 1778 399 LIVII
2334 371 2387 409 u.
2409 371 2458 410 c.
2488 372 2581 412 ω.

507 453 704 524 nales
725 505 745 540 ‚
784 441 1141 548 quodque¹
1176 451 1725 547 magistratuum
1775 448 1980 538 libri,
2039 475 2226 546 quos
2258 441 2520 523 linteos
2554 454 2633 524 in

503 564 651 634 aede
678 563 1036 659 repositos
1071 565 1383 631 Monetae
1412 566 1655 632 Macer
1684 561 1999 632 Licinius
2031 562 2201 632 citat
2232 561 2630 635 identidem

505 687 869 760 auctoreS,
921 697 1120 742 nono
1163 686 1326 769 post
1384 672 1679 743 demum
1729 697 1923 743 anno
1976 696 2141 742 cum
2194 678 2273 742 T.
2327 660 2629 764 Quintio

502 791 748 856 Penno
777 788 857 854 A.
882 782 1300 853 Cornelium
1340 787 1640 854 Cossum
1675 782 2045 854 consulem
2084 782 2438 871 habeant,
2475 784 2629 855 exi-

502 898 812 968 stimatio
845 896 1250 966 communis
1279 894 1623 965 omnibus
1658 902 1765 966 ‘est
1797 922 1811 964 ε
1848 918 2015 964 nam
2049 896 2261 965 etiam
2294 894 2473 964 illud
2506 918 2628 965 ae-

500 1006 730 1108 eedit,
767 1030 860 1076 ne
901 1020 1045 1075 tarn
1094 1005 1283 1074 clara
1333 1029 1577 1102 pugna
1611 1007 1689 1073 in
1734 1030 1906 1076 eum
1940 1029 2211 1074 annum
2256 1002 2626 1074 transferri

500 1132 769 1214 posset,
807 1114 1009 1212 quod
1043 1112 1332 1184 imbelle
1363 1117 1756 1185 triennium
1782 1113 2006 1187 ferme
2035 1113 2439 1212 pestilentia
2469 1115 2624 1184 ino-

503 1228 766 1323 piaque
781 1226 1068 1323 frugum
1097 1227 1281 1296 circa
1304 1229 1382 1295 A.
1414 1226 1832 1296 Cornelium
1858 1224 2235 1297 consulem
2251 1222 2387 1293 fuit
2406 1251 2421 1292 :
2442 1222 2622 1294 adeo

501 1351 581 1406 ut
606 1336 899 1433 quidam
915 1331 944 1377 ⁸
967 1335 1290 1423 annaleS,
1316 1334 1516 1406 velut
1533 1334 1832 1424 funesti,
1853 1336 2030 1407 nihil
2056 1351 2313 1435 praeter
2331 1335 2626 1404 nomina

502 1447 884 1517 consulum
901 1445 1306 1542 subgerant.
1326 1447 1607 1517 Tertius
1622 1456 1653 1502 9
1669 1445 1761 1516 ab
1778 1446 2158 1517 consulatu
2174 1445 2376 1516 Cossi
2394 1467 2627 1514 annus

499 1556 877 1627 tribunum
907 1580 1075 1625 eum
1110 1556 1419 1625 militum
1451 1558 1815 1628 consulari
1845 1569 2200 1653 potestate
2230 1552 2485 1641 habet;
2507 1577 2628 1623 eo-

501 1665 665 1737 dem
695 1655 888 1737 anno
929 1667 1351 1763 magistrum
1398 1670 1771 1765 equitum:
1809 1691 1959 1765 quo
2001 1669 2077 1737 in
2112 1666 2414 1764 imperio
2448 1664 2622 1736 alte-

504 1869 754 1933 utriusque
807 1873 1010 1919 extremi
1053 1872 1292 1920 rationem
1343 1871 1522 1920 habeat
1610 1887 1716 1918 rum
1745 1871 1973 1919 involvit.
2002 1874 2180 1920 Sensus
2206 1883 2308 1920 est:
2336 1871 2479 1918 Dicat
2500 1870 2632 1917 forte

504 1946 668 2011 (quod
716 1950 861 1996 etiam
903 1949 1128 1999 observat
1176 1951 1417 1999 Dodwell.
1459 1950 1523 1997 de

499 2027 652 2091 cyclis
670 2028 785 2076 diss.
802 2032 851 2075 X
866 2047 979 2087 ,seu
995 2029 1231 2094 XXVI),
1246 2033 1520 2082 faciendum

500 2104 562 2152 ab
596 2106 693 2154 hoe
732 2108 842 2178 ipso
881 2126 1011 2157 anno
1046 2112 1167 2159 Urb.
1205 2114 1351 2161 cond.
1383 2115 1515 2173 3173

500 2183 628 2231 unde
647 2202 709 2233 ex
720 2203 839 2234 mox
856 2189 1021 2236 certius
1039 2192 1103 2237 ab
1117 2194 1370 2239 consulatu
1384 2192 1519 2239 Cossi

497 2270 653 2303 annus
671 2258 961 2308 tribunum..
949 2260 1195 2410 .fabec:
1212 2280 1323 2310 nam
1343 2263 1514 2310 consul

495 2334 589 2381 tuit
608 2352 686 2383 an.
706 2338 827 2385 Urb.
853 2340 981 2387 cond
1026 2342 1124 2388 326
1149 2343 1231 2404 (v.
1250 2358 1355 2404 cap.
1385 2344 1448 2388 30
1466 2340 1514 2403 ),

496 2425 545 2461 et
559 2414 783 2464 tribunus
795 2419 1005 2467 militum
1020 2436 1153 2467 cons.
1172 2431 1415 2484 potestate
1427 2437 1513 2467 an-

497 2508 563 2539 no
594 2494 693 2542 326
734 2496 885 2561 (vide
909 2511 1055 2563 caput
1082 2501 1140 2545 31
1172 2497 1299 2562 pn).
1330 2500 1513 2547 Contra

494 2571 642 2619 Drak.
670 2576 847 2637 probat
874 2577 1136 2624 lectionem
1180 2593 1307 2623 nono
1347 2594 1477 2624 anno
1491 2614 1508 2636 ‚

496 2651 608 2713 quia
632 2652 738 2699 haee
776 2655 1044 2718 reperiatur
1075 2657 1128 2702 in
1162 2656 1353 2705 duobus
1387 2659 1513 2705 MSS

496 2730 659 2779 Oxou.
671 2766 686 2790 ,
699 2743 747 2779 et
764 2735 917 2792 major
935 2735 997 2781 sit
1011 2735 1279 2783 similitudo
1294 2736 1422 2784 inter
1434 2739 1513 2784 IX

495 2819 544 2855 et
562 2810 661 2857 v11
676 2844 691 2867 ‚
714 2826 857 2873 quam
882 2813 1010 2860 inter
1035 2815 1086 2860 X
1123 2826 1170 2861 et
1201 2816 1301 2863 VII
1316 2851 1330 2874 ‚
1355 2833 1512 2880 neque

493 2887 660 2936 Livius
669 2891 918 2954 utriusque
931 2895 1046 2940 anni
1056 2897 1261 2943 extremi
1272 2897 1513 2945 rationem

495 2965 748 3028 habuerit,
776 2982 905 3020 certe
936 2989 1037 3021 non
1073 2976 1131 3034 3,
1170 2977 1260 3035 30,
1284 2977 1370 3024 ubi
1406 2992 1511 3026 non

495 3043 728 3092 tricesimo
751 3050 949 3110 septimo
963 3085 979 3106 ‚
1007 3054 1094 3100 sed
1118 3053 1352 3101 tricesimo
1372 3067 1510 3101 sexto

494 3136 625 3167 anno
651 3138 679 3168 a
709 3126 881 3186 primis
904 3128 1116 3176 tribunis
1148 3131 1307 3193 plebis
1340 3131 1511 3180 decem

496 3210 684 3246 creatos
697 3216 801 3248 esse
813 3203 1007 3253 dixerit.
1029 3206 1103 3254 cf.
1123 3207 1184 3254 ad
1201 3212 1508 3270 XXXVIII,

500 3277 593 3335 52,
622 3293 673 3325 n.
704 3287 758 3336 43
785 3292 833 3327 et
857 3282 1025 3342 XLII,
1054 3300 1141 3344 10,
1166 3302 1215 3334 n.
1248 3287 1296 3336 5.

566 3358 613 3404 8.
650 3356 860 3419 Quidam
885 3363 1111 3420 annales,
1139 3366 1278 3412 velue
1287 3366 1477 3431 fimesei
1488 3404 1505 3426 ,

496 3436 709 3497 funesto,
728 3454 814 3486 seu
831 3441 982 3503 pestis
999 3453 1219 3509 tempore
1234 3448 1422 3511 scripti,
1432 3450 1512 3497 vel

495 3516 620 3566 nihil
644 3518 746 3566 fere
771 3530 950 3582 praeter
980 3522 1150 3571 fimeta
1183 3537 1245 3573 et.
1258 3525 1516 3576 hominum

497 3608 634 3659 peste
677 3597 1045 3664 absumptorum
1086 3604 1289 3652 ¹nomina
1324 3622 1509 3654 memo-

498 3688 674 3725 rantes.

567 3769 615 3815 9.
647 3758 828 3805 Tertius
854 3760 918 3806 ab
945 3763 1197 3810 consulatu
1227 3763 1382 3821 Cossi,
1414 3776 1507 3813 ete.

494 3831 688 3880 Novam
704 3836 870 3884 Livius
886 3840 1028 3887 affert
1044 3844 1373 3902 conjecturam
1382 3878 1397 3902 ‚
1417 3860 1512 3907 qua

496 3911 754 3975 opiniones
769 3915 972 3965 diversae
985 3921 1238 3969 conciliari
1255 3924 1381 3970 forte
1398 3938 1513 3987 pos·

497 3991 618 4049 sint,
644 4002 693 4040 et
714 3993 767 4041 in
787 3996 986 4057 gratiam
1003 3999 1214 4062 Augusti
1232 4004 1511 4050 veramani·

496 4070 564 4123 mi
588 4072 665 4120 sui
694 4076 981 4123 sententiam
1010 4078 1305 4131 obscuritate
1332 4083 1511 4132 verbo-

1608 1950 1811 2013 aliquis‚
1836 1949 2011 1997 claram
2038 1950 2170 1998 illam
2195 1965 2408 2012 pugnam
2432 1949 2485 1994 in
2510 1965 2624 1995 ann.

1608 2028 1729 2076 Urb.
1767 2029 1912 2075 cond.
1950 2029 2047 2075 328
2080 2026 2462 2075 transferendam
2488 2042 2592 2073 esse
2609 2061 2625 2086 ,

1610 2123 1708 2171 quo
1735 2108 1917 2155 Cossus
1942 2119 1990 2154 et
2020 2108 2248 2156 tribunus
2273 2106 2479 2154 militum
2495 2138 2509 2162 ,
2537 2105 2626 2152 sed

1605 2187 1848 2233 consulari
1870 2198 2137 2249 potestate,
2162 2187 2255 2233 fuit
2269 2219 2283 2244 ,
2308 2185 2548 2246 simulque
2569 2185 2626 2231 ii-

1604 2264 1714 2311 dem
1728 2265 1960 2312 Veientes
1975 2265 2323 2328 Fidenatesque
2342 2263 2624 2311 eorumdem

1604 2343 1800 2401 dueum,
1815 2345 1966 2391 Mam.
1982 2343 2162 2390 AEmilii
2178 2343 2433 2392 dictatoris
2446 2353 2494 2389 et
2507 2343 2625 2391 Cos-

1602 2422 1642 2467 si
1663 2424 1880 2485 magIstri
1900 2424 2116 2485 equitum
2131 2458 2145 2481 ‚
2171 2423 2351 2469 virtute
2371 2421 2491 2469 vieti
2510 2434 2625 2471 sunt

1602 2500 1668 2564 (v.
1685 2517 1728 2548 e.
1748 2503 1775 2548 3
1788 2499 1943 2565 1-34).
1960 2504 2039 2548 Ea
2059 2501 2210 2548 libera
2228 2500 2507 2565 conjectura
2525 2513 2622 2559 est,

1602 2594 1706 2625 non
1738 2581 1883 2628 certis
1909 2578 2091 2628 finibus
2126 2579 2504 2644 comprehensa,
2545 2581 2624 2628 vel

1595 2658 1740 2717 justis
1786 2660 2097 2720 conjectandi
2134 2660 2324 2723 legibus
2362 2660 2620 2718 adstricta,

1602 2739 1688 2786 sed
1707 2755 1815 2803 quae
1833 2743 2053 2802 quamvis
2076 2741 2362 2804 opinionem
2380 2741 2527 2787 nullis
2543 2738 2624 2786 fir-

1600 2820 1855 2870 mamentis
1872 2821 2132 2868 subnixam
2150 2818 2302 2865 libere
2319 2819 2506 2883 arripit.
2526 2817 2621 2865 Sed

1600 2899 1763 2945 malim
1785 2898 1891 2947 haee
1931 2900 2077 2946 verba
2116 2898 2291 2945 eodem
2325 2914 2471 2944 sensu
2497 2897 2621 2945 acei-

1600 2993 1741 3041 pere,
1761 2993 1861 3040 quo
1880 2994 1987 3040 sup.
2014 2977 2177 3023 Livius
2196 2977 2352 3025 dixit:
2379 2977 2486 3024 haee
2504 2990 2622 3040 quo-

1601 3071 1696 3117 que
1713 3055 2006 3103 existimatio
2023 3055 2286 3102 eommunis
2303 3054 2519 3103 omnibus
2531 3066 2617 3102 est.

1600 3133 1728 3181 Nam
1769 3135 1860 3182 ista
1893 3146 2023 3182 eerte
2057 3137 2361 3195 conjectura,
2393 3136 2484 3181 etsi
2517 3149 2620 3181 non

1599 3228 1737 3271 vera,
1761 3225 1924 3261 tamen
1940 3215 2095 3278 priori
2113 3203 2419 3278 probabilior
2445 3223 2545 3271 est3
2571 3224 2620 3261 et

1599 3290 1670 3338 sie
1696 3293 1868 3340 melius
1895 3294 2141 3340 cohaerent
2155 3328 2169 3351 ,
2196 3309 2304 3356 quae
2326 3303 2617 3355 sequuntur,

1601 3371 1872 3434 quibusque
1891 3373 2073 3430 Livius,
2091 3382 2253 3436 spreta
2274 3383 2491 3421 veterum
2507 3371 2623 3418 scri-

1602 3461 1801 3513 ptorum
1838 3453 2123 3500 auctoritate
2138 3485 2152 3509 ,
2189 3468 2334 3514 quam
2371 3463 2532 3500 tamen
2570 3461 2619 3498 et

1605 3546 1775 3593 supra,
1800 3542 1849 3579 et
1875 3531 1987 3578 infr.
2012 3548 2118 3595 cap.
2156 3532 2217 3578 32
2254 3541 2487 3594 sequutus
2513 3541 2616 3588 est,

1604 3609 1769 3671 gratiae
1796 3611 2004 3674 Augusti
2030 3611 2282 3674 captandae
2307 3625 2476 3666 eausa,
2513 3611 2617 3668 ejus

1600 3690 1891 3737 sententiam
1906 3724 1920 3748 ‚
1945 3707 2092 3754 supra
2115 3689 2443 3754 propositam,
2473 3688 2617 3736 unice

1599 3769 1806 3831 probare
1823 3770 2044 3818 videtur:
2067 3767 2185 3822 Sed,
2207 3777 2263 3813 ut
2277 3781 2365 3829 ego
2384 3766 2611 3824 arbitror,

1598 3863 1767 3905 vana,
1798 3866 1907 3912 quae
1935 3846 2154 3894 veritatis
2178 3844 2378 3909 quidem
2405 3846 2615 3909 aliquam

1600 3928 1810 3991 speeiem
1847 3928 2030 3975 habent
2047 3960 2062 3984 ‚
2102 3925 2190 3973 sed
2227 3925 2343 3972 falsa
2380 3936 2495 3973 sunt
2513 3958 2529 3983 ,
2564 3924 2614 3970 in

1599 4023 1759 4055 omnes
1781 4005 2028 4071 opiniones
2041 4020 2242 4052 versare
2258 4015 2307 4051 et
2321 4015 2489 4067 aptare
2508 4003 2620 4052 licet

1598 4084 1672 4150 (ut
1699 4088 1798 4136 fere
1816 4101 1926 4149 sup.
1951 4086 2002 4145 1,
2028 4083 2093 4132 58
2110 4116 2125 4143 ‚
2155 4099 2355 4132 versare
2375 4084 2425 4133 in
2451 4101 2612 4136 omnes
