<?xml version="1.0" encoding="UTF-8"?>
<!DOCTYPE html PUBLIC "-//W3C//DTD XHTML 1.0 Transitional//EN"
    "http://www.w3.org/TR/xhtml1/DTD/xhtml1-transitional.dtd">
<html xmlns="http://www.w3.org/1999/xhtml" xml:lang="en" lang="en">
 <head>
  <title>
</title>
<meta http-equiv="Content-Type" content="text/html;charset=utf-8" />
  <meta name='ocr-system' content='tesseract 3.04.00' />
  <meta name='ocr-capabilities' content='ocr_page ocr_carea ocr_par ocr_line ocrx_word'/>
</head>
<body>
  <div class='ocr_page' id='page_1' title='image "./titusliviuspata00unkngoog_0504.png"; bbox 0 0 3000 4717; ppageno 0'>
   <div class='ocr_carea' id='block_1_1' title="bbox 2230 343 2483 393">
    <p class='ocr_par' dir='ltr' id='par_1_1' title="bbox 2230 343 2483 393">
     <span class='ocr_line' id='line_1_1' title="bbox 2230 343 2483 393; baseline 0.016 -4"><span class='ocrx_word' id='word_1_1' title='bbox 2230 352 2284 390; x_wconf 66' lang='lat' dir='ltr'><strong>A.</strong></span> <span class='ocrx_word' id='word_1_2' title='bbox 2307 343 2358 390; x_wconf 70' lang='lat' dir='ltr'><strong>C.</strong></span> <span class='ocrx_word' id='word_1_3' title='bbox 2387 354 2483 393; x_wconf 61' lang='grc' dir='ltr'><strong>3η-</strong></span> 
     </span>
    </p>
   </div>
   <div class='ocr_carea' id='block_1_2' title="bbox 407 373 2479 462">
    <p class='ocr_par' dir='ltr' id='par_1_2' title="bbox 407 373 2479 462">
     <span class='ocr_line' id='line_1_2' title="bbox 407 373 2479 462; baseline 0.003 -14"><span class='ocrx_word' id='word_1_4' title='bbox 407 376 545 449; x_wconf 87' lang='lat'><strong>510</strong></span> <span class='ocrx_word' id='word_1_5' title='bbox 1218 376 1292 442; x_wconf 86' lang='lat' dir='ltr'><strong>T·</strong></span> <span class='ocrx_word' id='word_1_6' title='bbox 1357 373 1638 440; x_wconf 90' lang='lat' dir='ltr'><strong>LIVIl</strong></span> <span class='ocrx_word' id='word_1_7' title='bbox 2220 411 2277 453; x_wconf 79' lang='grc' dir='ltr'><strong>υ.</strong></span> <span class='ocrx_word' id='word_1_8' title='bbox 2309 414 2358 453; x_wconf 89' lang='lat' dir='ltr'><strong>c.</strong></span> <span class='ocrx_word' id='word_1_9' title='bbox 2387 416 2479 462; x_wconf 67' lang='lat'><strong>4³1.</strong></span> 
     </span>
    </p>
   </div>
   <div class='ocr_carea' id='block_1_3' title="bbox 387 486 2530 2359">
    <p class='ocr_par' dir='ltr' id='par_1_3' title="bbox 387 486 2530 2359">
     <span class='ocr_line' id='line_1_3' title="bbox 401 486 2529 594; baseline -0.004 -23"><span class='ocrx_word' id='word_1_10' title='bbox 401 497 704 594; x_wconf 36' lang='lat' dir='ltr'><strong>injuriis*</strong></span> <span class='ocrx_word' id='word_1_11' title='bbox 724 493 1059 567; x_wconf 84' lang='lat' dir='ltr'><strong>defensos</strong></span> <span class='ocrx_word' id='word_1_12' title='bbox 1101 491 1439 565; x_wconf 84' lang='lat' dir='ltr'><strong>scribant.</strong></span> <span class='ocrx_word' id='word_1_13' title='bbox 1493 493 1848 561; x_wconf 76' lang='lat' dir='ltr'><strong>Caeterum</strong></span> <span class='ocrx_word' id='word_1_14' title='bbox 1902 486 2194 560; x_wconf 85' lang='lat' dir='ltr'><strong>fortuna</strong></span> <span class='ocrx_word' id='word_1_15' title='bbox 2243 494 2529 563; x_wconf 90' lang='lat' dir='ltr'><strong>Samni-</strong></span> 
     </span>
     <span class='ocr_line' id='line_1_4' title="bbox 398 600 2530 700; baseline -0.002 -21"><span class='ocrx_word' id='word_1_16' title='bbox 398 609 615 694; x_wconf 88' lang='lat' dir='ltr'><strong>tium,</strong></span> <span class='ocrx_word' id='word_1_17' title='bbox 653 607 771 676; x_wconf 85' lang='lat' dir='ltr'><strong>vix</strong></span> <span class='ocrx_word' id='word_1_18' title='bbox 806 629 846 674; x_wconf 94' lang='lat' dir='ltr'><strong>a</strong></span> <span class='ocrx_word' id='word_1_19' title='bbox 884 628 959 675; x_wconf 90' lang='lat' dir='ltr'><strong>se</strong></span> <span class='ocrx_word' id='word_1_20' title='bbox 1009 603 1182 700; x_wconf 84' lang='lat' dir='ltr'><strong>ipsis</strong></span> <span class='ocrx_word' id='word_1_21' title='bbox 1231 626 1320 674; x_wconf 89' lang='lat' dir='ltr'><strong>eo</strong></span> <span class='ocrx_word' id='word_1_22' title='bbox 1372 617 1700 698; x_wconf 88' lang='lat' dir='ltr'><strong>tempore</strong></span> <span class='ocrx_word' id='word_1_23' title='bbox 1752 600 2333 697; x_wconf 82' lang='lat' dir='ltr'><strong>propulsantium</strong></span> <span class='ocrx_word' id='word_1_24' title='bbox 2377 602 2530 674; x_wconf 89' lang='lat' dir='ltr'><strong>bel-</strong></span> 
     </span>
     <span class='ocr_line' id='line_1_5' title="bbox 399 709 2527 813; baseline -0.001 -25"><span class='ocrx_word' id='word_1_25' title='bbox 399 718 551 788; x_wconf 90' lang='lat' dir='ltr'><strong>lum</strong></span> <span class='ocrx_word' id='word_1_26' title='bbox 571 770 590 803; x_wconf 94' lang='lat'><strong>,</strong></span> <span class='ocrx_word' id='word_1_27' title='bbox 624 715 923 813; x_wconf 89' lang='lat' dir='ltr'><strong>propius</strong></span> <span class='ocrx_word' id='word_1_28' title='bbox 955 727 1035 783; x_wconf 88' lang='lat' dir='ltr'><strong>ut</strong></span> <span class='ocrx_word' id='word_1_29' title='bbox 1065 714 1155 782; x_wconf 91' lang='lat' dir='ltr'><strong>sit</strong></span> <span class='ocrx_word' id='word_1_30' title='bbox 1182 736 1353 784; x_wconf 85' lang='lat' dir='ltr'><strong>vero</strong></span> <span class='ocrx_word' id='word_1_31' title='bbox 1372 766 1391 799; x_wconf 94' lang='lat'><strong>,</strong></span> <span class='ocrx_word' id='word_1_32' title='bbox 1430 709 1635 798; x_wconf 87' lang='lat' dir='ltr'><strong>facit,</strong></span> <span class='ocrx_word' id='word_1_33' title='bbox 1670 736 1820 780; x_wconf 91' lang='lat' dir='ltr'><strong>non</strong></span> <span class='ocrx_word' id='word_1_34' title='bbox 1849 710 2098 807; x_wconf 88' lang='lat' dir='ltr'><strong>Apulis</strong></span> <span class='ocrx_word' id='word_1_35' title='bbox 2130 710 2223 782; x_wconf 90' lang='lat' dir='ltr'><strong>ab</strong></span> <span class='ocrx_word' id='word_1_36' title='bbox 2256 716 2527 785; x_wconf 90' lang='lat' dir='ltr'><strong>Samni-</strong></span> 
     </span>
     <span class='ocr_line' id='line_1_6' title="bbox 398 819 2523 918; baseline -0.002 -20"><span class='ocrx_word' id='word_1_37' title='bbox 398 826 594 898; x_wconf 88' lang='lat' dir='ltr'><strong>tibus</strong></span> <span class='ocrx_word' id='word_1_38' title='bbox 616 847 813 895; x_wconf 89' lang='lat' dir='ltr'><strong>arma</strong></span> <span class='ocrx_word' id='word_1_39' title='bbox 837 823 1030 894; x_wconf 83' lang='lat' dir='ltr'><strong>illata</strong></span> <span class='ocrx_word' id='word_1_40' title='bbox 1047 876 1067 907; x_wconf 92' lang='lat'>‚</span> <span class='ocrx_word' id='word_1_41' title='bbox 1096 821 1221 893; x_wconf 87' lang='lat' dir='ltr'><strong>sed</strong></span> <span class='ocrx_word' id='word_1_42' title='bbox 1247 846 1415 892; x_wconf 88' lang='lat' dir='ltr'><strong>cum</strong></span> <span class='ocrx_word' id='word_1_43' title='bbox 1439 835 1749 918; x_wconf 88' lang='lat' dir='ltr'><strong>utraque</strong></span> <span class='ocrx_word' id='word_1_44' title='bbox 1770 819 1982 891; x_wconf 89' lang='lat' dir='ltr'><strong>simul</strong></span> <span class='ocrx_word' id='word_1_45' title='bbox 2006 836 2221 918; x_wconf 85' lang='lat' dir='ltr'><strong>gente</strong></span> <span class='ocrx_word' id='word_1_46' title='bbox 2247 820 2523 894; x_wconf 84' lang='lat' dir='ltr'><strong>bellum</strong></span> 
     </span>
     <span class='ocr_line' id='line_1_7' title="bbox 399 930 2518 1028; baseline -0.002 -20"><span class='ocrx_word' id='word_1_47' title='bbox 399 937 741 1008; x_wconf 89' lang='lat' dir='ltr'><strong>Romanis</strong></span> <span class='ocrx_word' id='word_1_48' title='bbox 778 933 1016 1019; x_wconf 82' lang='lat' dir='ltr'><strong>fuisse.</strong></span> <span class='ocrx_word' id='word_1_49' title='bbox 1053 937 1205 1006; x_wconf 89' lang='lat' dir='ltr'><strong>Nec</strong></span> <span class='ocrx_word' id='word_1_50' title='bbox 1231 948 1469 1004; x_wconf 87' lang='lat' dir='ltr'><strong>tamen</strong></span> <span class='ocrx_word' id='word_1_51' title='bbox 1496 957 1612 1003; x_wconf 89' lang='lat' dir='ltr'><strong>res</strong></span> <span class='ocrx_word' id='word_1_52' title='bbox 1645 930 1792 1001; x_wconf 91' lang='lat' dir='ltr'><strong>ulla</strong></span> <span class='ocrx_word' id='word_1_53' title='bbox 1816 931 2303 1028; x_wconf 73' lang='lat' dir='ltr'><strong>memorabilis</strong></span> <span class='ocrx_word' id='word_1_54' title='bbox 2328 948 2518 1005; x_wconf 85' lang='lat' dir='ltr'><strong>acta:</strong></span> 
     </span>
     <span class='ocr_line' id='line_1_8' title="bbox 398 1041 2518 1146; baseline -0.003 -26"><span class='ocrx_word' id='word_1_55' title='bbox 398 1072 568 1146; x_wconf 84' lang='lat' dir='ltr'><strong>ager</strong></span> <span class='ocrx_word' id='word_1_56' title='bbox 599 1045 857 1144; x_wconf 83' lang='lat' dir='ltr'><strong>apulus</strong></span> <span class='ocrx_word' id='word_1_57' title='bbox 891 1045 1415 1140; x_wconf 82' lang='lat' dir='ltr'><strong>Samniumque</strong></span> <span class='ocrx_word' id='word_1_58' title='bbox 1452 1054 1847 1114; x_wconf 86' lang='lat' dir='ltr'><strong>evastatum</strong></span> <span class='ocrx_word' id='word_1_59' title='bbox 1875 1068 1889 1111; x_wconf 89' lang='lat'><strong>:</strong></span> <span class='ocrx_word' id='word_1_60' title='bbox 1927 1041 2173 1113; x_wconf 89' lang='lat' dir='ltr'><strong>hostes</strong></span> <span class='ocrx_word' id='word_1_61' title='bbox 2205 1068 2342 1113; x_wconf 91' lang='lat' dir='ltr'><strong>nec</strong></span> <span class='ocrx_word' id='word_1_62' title='bbox 2367 1043 2518 1132; x_wconf 87' lang='lat' dir='ltr'><strong>hic,</strong></span> 
     </span>
     <span class='ocr_line' id='line_1_9' title="bbox 397 1155 2520 1234; baseline -0.003 -3"><span class='ocrx_word' id='word_1_63' title='bbox 397 1186 533 1233; x_wconf 91' lang='lat' dir='ltr'><strong>nec</strong></span> <span class='ocrx_word' id='word_1_64' title='bbox 555 1159 699 1229; x_wconf 88' lang='lat' dir='ltr'><strong>illic</strong></span> <span class='ocrx_word' id='word_1_65' title='bbox 726 1159 1025 1234; x_wconf 85' lang='lat' dir='ltr'><strong>inventi.</strong></span> <span class='ocrx_word' id='word_1_66' title='bbox 1054 1162 1298 1227; x_wconf 84' lang='lat' dir='ltr'><strong>Romae</strong></span> <span class='ocrx_word' id='word_1_67' title='bbox 1327 1168 1729 1226; x_wconf 89' lang='lat' dir='ltr'><strong>nocturnus</strong></span> <span class='ocrx_word' id='word_1_68' title='bbox 1758 1168 1994 1225; x_wconf 86' lang='lat' dir='ltr'><strong>terror</strong></span> <span class='ocrx_word' id='word_1_69' title='bbox 2016 1155 2114 1223; x_wconf 89' lang='lat' dir='ltr'><strong>ita</strong></span> <span class='ocrx_word' id='word_1_70' title='bbox 2142 1178 2231 1224; x_wconf 85' lang='lat' dir='ltr'><strong>ex</strong></span> <span class='ocrx_word' id='word_1_71' title='bbox 2263 1178 2520 1225; x_wconf 88' lang='lat' dir='ltr'><strong>somno</strong></span> 
     </span>
     <span class='ocr_line' id='line_1_10' title="bbox 397 1264 2522 1368; baseline -0.003 -27"><span class='ocrx_word' id='word_1_72' title='bbox 397 1268 750 1368; x_wconf 86' lang='lat' dir='ltr'><strong>trepidam</strong></span> <span class='ocrx_word' id='word_1_73' title='bbox 796 1281 1099 1366; x_wconf 82' lang='lat' dir='ltr'><strong>repente</strong></span> <span class='ocrx_word' id='word_1_74' title='bbox 1151 1267 1510 1336; x_wconf 87' lang='lat' dir='ltr'><strong>civitatem</strong></span> <span class='ocrx_word' id='word_1_75' title='bbox 1553 1264 1845 1352; x_wconf 85' lang='lat' dir='ltr'><strong>excivit,</strong></span> <span class='ocrx_word' id='word_1_76' title='bbox 1904 1278 1987 1335; x_wconf 92' lang='lat' dir='ltr'><strong>ut</strong></span> <span class='ocrx_word' id='word_1_77' title='bbox 2012 1266 2037 1314; x_wconf 72' lang='lat'>⁴</span> <span class='ocrx_word' id='word_1_78' title='bbox 2089 1264 2522 1361; x_wconf 85' lang='lat' dir='ltr'><strong>Capitolium</strong></span> 
     </span>
     <span class='ocr_line' id='line_1_11' title="bbox 397 1373 2521 1478; baseline -0.002 -26"><span class='ocrx_word' id='word_1_79' title='bbox 397 1396 618 1478; x_wconf 90' lang='lat' dir='ltr'><strong>atque</strong></span> <span class='ocrx_word' id='word_1_80' title='bbox 642 1404 799 1467; x_wconf 85' lang='lat' dir='ltr'><strong>arx,</strong></span> <span class='ocrx_word' id='word_1_81' title='bbox 823 1379 1240 1475; x_wconf 87' lang='lat' dir='ltr'><strong>moeniaque</strong></span> <span class='ocrx_word' id='word_1_82' title='bbox 1269 1391 1340 1447; x_wconf 92' lang='lat' dir='ltr'><strong>et</strong></span> <span class='ocrx_word' id='word_1_83' title='bbox 1368 1389 1629 1474; x_wconf 86' lang='lat' dir='ltr'><strong>portoe,</strong></span> <span class='ocrx_word' id='word_1_84' title='bbox 1659 1374 1875 1472; x_wconf 85' lang='lat' dir='ltr'><strong>plena</strong></span> <span class='ocrx_word' id='word_1_85' title='bbox 1903 1388 2339 1445; x_wconf 85' lang='lat' dir='ltr'><strong>armatorum</strong></span> <span class='ocrx_word' id='word_1_86' title='bbox 2368 1373 2521 1448; x_wconf 86' lang='lat' dir='ltr'><strong>fue-</strong></span> 
     </span>
     <span class='ocr_line' id='line_1_12' title="bbox 394 1483 2520 1585; baseline -0.003 -24"><span class='ocrx_word' id='word_1_87' title='bbox 394 1491 580 1561; x_wconf 84' lang='lat' dir='ltr'><strong>rint:</strong></span> <span class='ocrx_word' id='word_1_88' title='bbox 613 1504 686 1561; x_wconf 91' lang='lat' dir='ltr'><strong>et</strong></span> <span class='ocrx_word' id='word_1_89' title='bbox 714 1512 944 1585; x_wconf 91' lang='lat' dir='ltr'><strong>quum</strong></span> <span class='ocrx_word' id='word_1_90' title='bbox 973 1501 1482 1559; x_wconf 86' lang='lat' dir='ltr'><strong>concursatum</strong></span> <span class='ocrx_word' id='word_1_91' title='bbox 1510 1484 2183 1582; x_wconf 85' lang='lat' dir='ltr'><strong>conclamatumque</strong></span> <span class='ocrx_word' id='word_1_92' title='bbox 2210 1483 2299 1555; x_wconf 89' lang='lat' dir='ltr'><strong>ad</strong></span> <span class='ocrx_word' id='word_1_93' title='bbox 2325 1508 2520 1555; x_wconf 85' lang='lat' dir='ltr'><strong>arma</strong></span> 
     </span>
     <span class='ocr_line' id='line_1_13' title="bbox 395 1597 2523 1695; baseline -0.003 -23"><span class='ocrx_word' id='word_1_94' title='bbox 395 1599 738 1672; x_wconf 90' lang='lat' dir='ltr'><strong>omnibus</strong></span> <span class='ocrx_word' id='word_1_95' title='bbox 774 1598 947 1670; x_wconf 89' lang='lat' dir='ltr'><strong>locis</strong></span> <span class='ocrx_word' id='word_1_96' title='bbox 984 1612 1205 1687; x_wconf 88' lang='lat' dir='ltr'><strong>esset,</strong></span> <span class='ocrx_word' id='word_1_97' title='bbox 1238 1600 1472 1695; x_wconf 87' lang='lat' dir='ltr'><strong>prima</strong></span> <span class='ocrx_word' id='word_1_98' title='bbox 1499 1597 1662 1667; x_wconf 89' lang='lat' dir='ltr'><strong>luce</strong></span> <span class='ocrx_word' id='word_1_99' title='bbox 1689 1621 1826 1668; x_wconf 90' lang='lat' dir='ltr'><strong>nec</strong></span> <span class='ocrx_word' id='word_1_100' title='bbox 1849 1610 2124 1683; x_wconf 88' lang='lat' dir='ltr'><strong>auctor,</strong></span> <span class='ocrx_word' id='word_1_101' title='bbox 2155 1619 2289 1666; x_wconf 89' lang='lat' dir='ltr'><strong>nec</strong></span> <span class='ocrx_word' id='word_1_102' title='bbox 2312 1620 2523 1666; x_wconf 87' lang='lat' dir='ltr'><strong>causa</strong></span> 
     </span>
     <span class='ocr_line' id='line_1_14' title="bbox 394 1705 2521 1807; baseline -0.002 -26"><span class='ocrx_word' id='word_1_103' title='bbox 394 1709 688 1781; x_wconf 87' lang='lat' dir='ltr'><strong>terroris</strong></span> <span class='ocrx_word' id='word_1_104' title='bbox 724 1710 1149 1807; x_wconf 87' lang='lat' dir='ltr'><strong>comparuit.</strong></span> <span class='ocrx_word' id='word_1_105' title='bbox 1194 1706 1468 1780; x_wconf 88' lang='lat' dir='ltr'><strong>Eodem</strong></span> <span class='ocrx_word' id='word_1_106' title='bbox 1498 1731 1691 1778; x_wconf 89' lang='lat' dir='ltr'><strong>anno</strong></span> <span class='ocrx_word' id='word_1_107' title='bbox 1725 1705 1816 1778; x_wconf 89' lang='lat' dir='ltr'><strong>de</strong></span> <span class='ocrx_word' id='word_1_108' title='bbox 1839 1707 2259 1778; x_wconf 87' lang='lat' dir='ltr'><strong>Tusculanis</strong></span> <span class='ocrx_word' id='word_1_109' title='bbox 2288 1706 2521 1776; x_wconf 90' lang='lat' dir='ltr'><strong>Flavia</strong></span> 
     </span>
     <span class='ocr_line' id='line_1_15' title="bbox 390 1814 2520 1918; baseline -0.004 -26"><span class='ocrx_word' id='word_1_110' title='bbox 390 1821 766 1918; x_wconf 87' lang='lat' dir='ltr'><strong>rogatione</strong></span> <span class='ocrx_word' id='word_1_111' title='bbox 820 1817 1079 1916; x_wconf 92' lang='lat' dir='ltr'><strong>populi</strong></span> <span class='ocrx_word' id='word_1_112' title='bbox 1121 1816 1257 1888; x_wconf 83' lang='lat' dir='ltr'><strong>fuit</strong></span> <span class='ocrx_word' id='word_1_113' title='bbox 1289 1818 1660 1914; x_wconf 86' lang='lat' dir='ltr'><strong>judicium.</strong></span> <span class='ocrx_word' id='word_1_114' title='bbox 1717 1822 1816 1888; x_wconf 89' lang='lat' dir='ltr'><strong>M.</strong></span> <span class='ocrx_word' id='word_1_115' title='bbox 1864 1816 2141 1887; x_wconf 90' lang='lat' dir='ltr'><strong>Flavius</strong></span> <span class='ocrx_word' id='word_1_116' title='bbox 2187 1814 2520 1886; x_wconf 88' lang='lat' dir='ltr'><strong>tribunus</strong></span> 
     </span>
     <span class='ocr_line' id='line_1_16' title="bbox 391 1925 2520 2030; baseline -0.003 -28"><span class='ocrx_word' id='word_1_117' title='bbox 391 1931 627 2030; x_wconf 89' lang='lat' dir='ltr'><strong>plebis</strong></span> <span class='ocrx_word' id='word_1_118' title='bbox 651 1930 815 2002; x_wconf 89' lang='lat' dir='ltr'><strong>tulit</strong></span> <span class='ocrx_word' id='word_1_119' title='bbox 848 1930 937 2001; x_wconf 87' lang='lat' dir='ltr'><strong>ad</strong></span> <span class='ocrx_word' id='word_1_120' title='bbox 967 1928 1319 2027; x_wconf 88' lang='lat' dir='ltr'><strong>populum</strong></span> <span class='ocrx_word' id='word_1_121' title='bbox 1338 1985 1357 2015; x_wconf 94' lang='lat'><strong>,</strong></span> <span class='ocrx_word' id='word_1_122' title='bbox 1390 1943 1478 2000; x_wconf 89' lang='lat' dir='ltr'><strong>ut</strong></span> <span class='ocrx_word' id='word_1_123' title='bbox 1505 1931 1582 2001; x_wconf 90' lang='lat' dir='ltr'><strong>in</strong></span> <span class='ocrx_word' id='word_1_124' title='bbox 1605 1927 2050 2000; x_wconf 88' lang='lat' dir='ltr'><strong>Tusculanos</strong></span> <span class='ocrx_word' id='word_1_125' title='bbox 2074 1925 2520 1997; x_wconf 87' lang='lat' dir='ltr'><strong>animadver-</strong></span> 
     </span>
     <span class='ocr_line' id='line_1_17' title="bbox 390 2037 2522 2138; baseline -0.003 -26"><span class='ocrx_word' id='word_1_126' title='bbox 390 2055 693 2128; x_wconf 87' lang='lat' dir='ltr'><strong>teretur,</strong></span> <span class='ocrx_word' id='word_1_127' title='bbox 726 2063 1045 2137; x_wconf 88' lang='lat' dir='ltr'><strong>quorum</strong></span> <span class='ocrx_word' id='word_1_128' title='bbox 1083 2064 1338 2111; x_wconf 89' lang='lat' dir='ltr'><strong>eorum</strong></span> <span class='ocrx_word' id='word_1_129' title='bbox 1372 2064 1514 2138; x_wconf 90' lang='lat' dir='ltr'><strong>ope</strong></span> <span class='ocrx_word' id='word_1_130' title='bbox 1551 2063 1633 2111; x_wconf 87' lang='lat' dir='ltr'><strong>ac</strong></span> <span class='ocrx_word' id='word_1_131' title='bbox 1673 2039 1977 2111; x_wconf 87' lang='lat' dir='ltr'><strong>consilio</strong></span> <span class='ocrx_word' id='word_1_132' title='bbox 1996 2038 2344 2109; x_wconf 85' lang='lat' dir='ltr'><strong>Veliterni</strong></span> <span class='ocrx_word' id='word_1_133' title='bbox 2374 2037 2522 2106; x_wconf 91' lang='lat' dir='ltr'><strong>Pri-</strong></span> 
     </span>
     <span class='ocr_line' id='line_1_18' title="bbox 387 2143 2516 2247; baseline -0.003 -26"><span class='ocrx_word' id='word_1_134' title='bbox 387 2164 861 2246; x_wconf 86' lang='lat' dir='ltr'><strong>vernatesque</strong></span> <span class='ocrx_word' id='word_1_135' title='bbox 896 2149 1174 2247; x_wconf 90' lang='lat' dir='ltr'><strong>populo</strong></span> <span class='ocrx_word' id='word_1_136' title='bbox 1206 2172 1510 2221; x_wconf 89' lang='lat' dir='ltr'><strong>romano</strong></span> <span class='ocrx_word' id='word_1_137' title='bbox 1536 2147 1812 2222; x_wconf 86' lang='lat' dir='ltr'><strong>bellum</strong></span> <span class='ocrx_word' id='word_1_138' title='bbox 1850 2144 2184 2218; x_wconf 84' lang='lat' dir='ltr'><strong>fecissent</strong></span> <span class='ocrx_word' id='word_1_139' title='bbox 2205 2143 2252 2216; x_wconf 77' lang='lat'><strong>⁵.</strong></span> <span class='ocrx_word' id='word_1_140' title='bbox 2281 2151 2516 2241; x_wconf 91' lang='lat' dir='ltr'><strong>Popu-</strong></span> 
     </span>
     <span class='ocr_line' id='line_1_19' title="bbox 391 2256 2510 2359; baseline -0.004 -27"><span class='ocrx_word' id='word_1_141' title='bbox 391 2261 506 2332; x_wconf 87' lang='lat' dir='ltr'><strong>lus</strong></span> <span class='ocrx_word' id='word_1_142' title='bbox 565 2260 983 2332; x_wconf 89' lang='lat' dir='ltr'><strong>tusculanus</strong></span> <span class='ocrx_word' id='word_1_143' title='bbox 1045 2284 1212 2331; x_wconf 90' lang='lat' dir='ltr'><strong>cum</strong></span> <span class='ocrx_word' id='word_1_144' title='bbox 1270 2258 1706 2359; x_wconf 86' lang='lat' dir='ltr'><strong>conjugibus</strong></span> <span class='ocrx_word' id='word_1_145' title='bbox 1767 2282 1850 2329; x_wconf 89' lang='lat' dir='ltr'><strong>ac</strong></span> <span class='ocrx_word' id='word_1_146' title='bbox 1909 2256 2148 2328; x_wconf 86' lang='lat' dir='ltr'><strong>liberis</strong></span> <span class='ocrx_word' id='word_1_147' title='bbox 2206 2261 2510 2328; x_wconf 89' lang='lat' dir='ltr'><strong>Romam</strong></span> 
     </span>
    </p>
   </div>
   <div class='ocr_carea' id='block_1_4' title="bbox 1494 2461 2519 2605">
    <p class='ocr_par' dir='ltr' id='par_1_4' title="bbox 1494 2461 2519 2605">
     <span class='ocr_line' id='line_1_20' title="bbox 1494 2461 2516 2527; baseline -0.001 -17"><span class='ocrx_word' id='word_1_148' title='bbox 1494 2463 1706 2521; x_wconf 76' lang='lat' dir='ltr'><strong>factum3</strong></span> <span class='ocrx_word' id='word_1_149' title='bbox 1739 2462 1855 2510; x_wconf 78' lang='lat' dir='ltr'><strong>vide</strong></span> <span class='ocrx_word' id='word_1_150' title='bbox 1885 2479 1990 2527; x_wconf 84' lang='lat' dir='ltr'><strong>cap.</strong></span> <span class='ocrx_word' id='word_1_151' title='bbox 2018 2470 2095 2518; x_wconf 73' lang='lat'><strong>14.</strong></span> <span class='ocrx_word' id='word_1_152' title='bbox 2135 2461 2231 2508; x_wconf 85' lang='lat' dir='ltr'><strong>Sed</strong></span> <span class='ocrx_word' id='word_1_153' title='bbox 2265 2478 2329 2509; x_wconf 80' lang='lat' dir='ltr'><strong>ex</strong></span> <span class='ocrx_word' id='word_1_154' title='bbox 2352 2462 2516 2509; x_wconf 79' lang='lat' dir='ltr'><strong>Valet.</strong></span> 
     </span>
     <span class='ocr_line' id='line_1_21' title="bbox 1496 2541 2519 2605; baseline -0.002 -15"><span class='ocrx_word' id='word_1_155' title='bbox 1496 2544 1633 2591; x_wconf 80' lang='lat' dir='ltr'><strong>Max.</strong></span> <span class='ocrx_word' id='word_1_156' title='bbox 1663 2543 1764 2601; x_wconf 75' lang='lat' dir='ltr'><strong>IX,</strong></span> <span class='ocrx_word' id='word_1_157' title='bbox 1798 2557 1889 2601; x_wconf 87' lang='lat'><strong>10,</strong></span> <span class='ocrx_word' id='word_1_158' title='bbox 1928 2559 1978 2589; x_wconf 88' lang='lat' dir='ltr'><strong>n.</strong></span> <span class='ocrx_word' id='word_1_159' title='bbox 2007 2558 2063 2600; x_wconf 77' lang='lat'><strong>13</strong></span> <span class='ocrx_word' id='word_1_160' title='bbox 2103 2553 2152 2588; x_wconf 92' lang='lat' dir='ltr'><strong>et</strong></span> <span class='ocrx_word' id='word_1_161' title='bbox 2173 2541 2362 2589; x_wconf 84' lang='lat' dir='ltr'><strong>exaliis</strong></span> <span class='ocrx_word' id='word_1_162' title='bbox 2381 2557 2519 2605; x_wconf 85' lang='lat' dir='ltr'><strong>argu-</strong></span> 
     </span>
    </p>
   </div>
   <div class='ocr_carea' id='block_1_5' title="bbox 388 2461 1409 2606">
    <p class='ocr_par' dir='ltr' id='par_1_5' title="bbox 388 2461 1409 2606">
     <span class='ocr_line' id='line_1_22' title="bbox 388 2461 1409 2530; baseline -0.004 -16"><span class='ocrx_word' id='word_1_163' title='bbox 388 2477 461 2514; x_wconf 85' lang='lat' dir='ltr'><strong>tes</strong></span> <span class='ocrx_word' id='word_1_164' title='bbox 492 2464 793 2530; x_wconf 81' lang='lat' dir='ltr'><strong>Apulorum,</strong></span> <span class='ocrx_word' id='word_1_165' title='bbox 834 2461 1019 2508; x_wconf 81' lang='lat' dir='ltr'><strong>foedere</strong></span> <span class='ocrx_word' id='word_1_166' title='bbox 1055 2461 1110 2508; x_wconf 84' lang='lat' dir='ltr'><strong>in</strong></span> <span class='ocrx_word' id='word_1_167' title='bbox 1146 2462 1409 2510; x_wconf 76' lang='lat' dir='ltr'><strong>amicitiam</strong></span> 
     </span>
     <span class='ocr_line' id='line_1_23' title="bbox 389 2539 1162 2606; baseline -0.006 -13"><span class='ocrx_word' id='word_1_168' title='bbox 389 2561 513 2592; x_wconf 86' lang='lat' dir='ltr'><strong>rom.</strong></span> <span class='ocrx_word' id='word_1_169' title='bbox 533 2553 783 2606; x_wconf 77' lang='lat' dir='ltr'><strong>receptas3</strong></span> <span class='ocrx_word' id='word_1_170' title='bbox 804 2539 919 2586; x_wconf 80' lang='lat' dir='ltr'><strong>vide</strong></span> <span class='ocrx_word' id='word_1_171' title='bbox 945 2554 1053 2603; x_wconf 78' lang='lat' dir='ltr'><strong>cap.</strong></span> <span class='ocrx_word' id='word_1_172' title='bbox 1079 2539 1162 2588; x_wconf 79' lang='lat'><strong>25.</strong></span> 
     </span>
    </p>
   </div>
   <div class='ocr_carea' id='block_1_6' title="bbox 461 2618 2515 2686">
    <p class='ocr_par' dir='ltr' id='par_1_6' title="bbox 461 2618 2515 2686">
     <span class='ocr_line' id='line_1_24' title="bbox 461 2618 2515 2686; baseline -0.002 -15"><span class='ocrx_word' id='word_1_173' title='bbox 461 2631 511 2679; x_wconf 77' lang='grc'><strong>4.</strong></span> <span class='ocrx_word' id='word_1_174' title='bbox 530 2624 594 2669; x_wconf 82' lang='lat' dir='ltr'><strong>Ut</strong></span> <span class='ocrx_word' id='word_1_175' title='bbox 612 2618 928 2684; x_wconf 79' lang='lat' dir='ltr'><strong>Capitolium,</strong></span> <span class='ocrx_word' id='word_1_176' title='bbox 951 2634 1008 2665; x_wconf 81' lang='lat' dir='ltr'><strong>ac</strong></span> <span class='ocrx_word' id='word_1_177' title='bbox 1027 2619 1094 2679; x_wconf 86' lang='lat' dir='ltr'><strong>si,</strong></span> <span class='ocrx_word' id='word_1_178' title='bbox 1112 2630 1341 2683; x_wconf 82' lang='lat' dir='ltr'><strong>tanquam</strong></span> <span class='ocrx_word' id='word_1_179' title='bbox 1356 2620 1407 2668; x_wconf 86' lang='lat' dir='ltr'><strong>C.</strong></span> <span class='ocrx_word' id='word_1_180' title='bbox 1496 2622 1675 2671; x_wconf 85' lang='lat' dir='ltr'><strong>mentis</strong></span> <span class='ocrx_word' id='word_1_181' title='bbox 1701 2622 1958 2686; x_wconf 72' lang='lat' dir='ltr'><strong>probabile</strong></span> <span class='ocrx_word' id='word_1_182' title='bbox 1986 2621 2103 2670; x_wconf 81' lang='lat' dir='ltr'><strong>facit</strong></span> <span class='ocrx_word' id='word_1_183' title='bbox 2128 2621 2353 2669; x_wconf 81' lang='lat' dir='ltr'><strong>Dukerus</strong></span> <span class='ocrx_word' id='word_1_184' title='bbox 2369 2654 2384 2680; x_wconf 93' lang='lat'><strong>,</strong></span> <span class='ocrx_word' id='word_1_185' title='bbox 2418 2620 2515 2668; x_wconf 87' lang='lat' dir='ltr'><strong>boe</strong></span> 
     </span>
    </p>
   </div>
   <div class='ocr_carea' id='block_1_7' title="bbox 378 2698 1410 4191">
    <p class='ocr_par' dir='ltr' id='par_1_7' title="bbox 378 2698 1410 4191">
     <span class='ocr_line' id='line_1_25' title="bbox 461 2698 1410 2750; baseline 0 -2"><span class='ocrx_word' id='word_1_186' title='bbox 461 2701 509 2750; x_wconf 83' lang='lat'><strong>5.</strong></span> <span class='ocrx_word' id='word_1_187' title='bbox 552 2702 616 2747; x_wconf 85' lang='lat' dir='ltr'><strong>Ue</strong></span> <span class='ocrx_word' id='word_1_188' title='bbox 649 2699 697 2747; x_wconf 82' lang='lat' dir='ltr'><strong>in</strong></span> <span class='ocrx_word' id='word_1_189' title='bbox 733 2698 1028 2746; x_wconf 74' lang='lat' dir='ltr'><strong>Tusculanos</strong></span> <span class='ocrx_word' id='word_1_190' title='bbox 1063 2699 1410 2748; x_wconf 76' lang='lat' dir='ltr'><strong>animadverte-</strong></span> 
     </span>
     <span class='ocr_line' id='line_1_26' title="bbox 389 2779 1409 2846; baseline 0 -18"><span class='ocrx_word' id='word_1_191' title='bbox 389 2779 831 2846; x_wconf 72' lang='lat' dir='ltr'><strong>meur...fi·cissenc</strong></span> <span class='ocrx_word' id='word_1_192' title='bbox 854 2795 872 2825; x_wconf 83' lang='grc'><strong>.-</strong></span> <span class='ocrx_word' id='word_1_193' title='bbox 900 2799 926 2819; x_wconf 69' lang='lat' dir='ltr'><strong>e</strong></span> <span class='ocrx_word' id='word_1_194' title='bbox 945 2779 1169 2843; x_wconf 85' lang='lat' dir='ltr'><strong>quando,</strong></span> <span class='ocrx_word' id='word_1_195' title='bbox 1201 2791 1284 2828; x_wconf 85' lang='lat' dir='ltr'><strong>aut</strong></span> <span class='ocrx_word' id='word_1_196' title='bbox 1314 2797 1409 2845; x_wconf 86' lang='lat' dir='ltr'><strong>qua</strong></span> 
     </span>
     <span class='ocr_line' id='line_1_27' title="bbox 386 2858 1410 2923; baseline 0 -14"><span class='ocrx_word' id='word_1_197' title='bbox 386 2861 646 2909; x_wconf 80' lang='lat' dir='ltr'><strong>occasione</strong></span> <span class='ocrx_word' id='word_1_198' title='bbox 654 2858 894 2907; x_wconf 79' lang='lat' dir='ltr'><strong>Veliterni</strong></span> <span class='ocrx_word' id='word_1_199' title='bbox 906 2858 1306 2923; x_wconf 86' lang='lat' dir='ltr'><strong>Privernatesque</strong></span> <span class='ocrx_word' id='word_1_200' title='bbox 1313 2862 1410 2909; x_wconf 85' lang='lat' dir='ltr'><strong>Tu-</strong></span> 
     </span>
     <span class='ocr_line' id='line_1_28' title="bbox 387 2939 1408 3004; baseline 0 -16"><span class='ocrx_word' id='word_1_201' title='bbox 387 2942 697 2989; x_wconf 82' lang='lat' dir='ltr'><strong>sculanorum</strong></span> <span class='ocrx_word' id='word_1_202' title='bbox 726 2954 822 3004; x_wconf 86' lang='lat' dir='ltr'><strong>ope</strong></span> <span class='ocrx_word' id='word_1_203' title='bbox 844 2954 901 2985; x_wconf 85' lang='lat' dir='ltr'><strong>ac</strong></span> <span class='ocrx_word' id='word_1_204' title='bbox 922 2939 1130 2987; x_wconf 84' lang='lat' dir='ltr'><strong>consilio</strong></span> <span class='ocrx_word' id='word_1_205' title='bbox 1148 2975 1160 2988; x_wconf 93' lang='lat'><strong>.</strong></span> <span class='ocrx_word' id='word_1_206' title='bbox 1173 2973 1184 2986; x_wconf 91' lang='lat'><strong>.</strong></span> <span class='ocrx_word' id='word_1_207' title='bbox 1198 2975 1211 2988; x_wconf 91' lang='lat'><strong>.</strong></span> <span class='ocrx_word' id='word_1_208' title='bbox 1225 2939 1408 2988; x_wconf 89' lang='lat' dir='ltr'><strong>bellum</strong></span> 
     </span>
     <span class='ocr_line' id='line_1_29' title="bbox 387 3017 1406 3079; baseline 0 -12"><span class='ocrx_word' id='word_1_209' title='bbox 387 3020 618 3079; x_wconf 81' lang='lat' dir='ltr'><strong>fecerint,</strong></span> <span class='ocrx_word' id='word_1_210' title='bbox 666 3019 907 3066; x_wconf 86' lang='lat' dir='ltr'><strong>incertum</strong></span> <span class='ocrx_word' id='word_1_211' title='bbox 943 3029 1031 3066; x_wconf 83' lang='lat' dir='ltr'><strong>est.</strong></span> <span class='ocrx_word' id='word_1_212' title='bbox 1073 3017 1155 3067; x_wconf 79' lang='lat' dir='ltr'><strong>Ad</strong></span> <span class='ocrx_word' id='word_1_213' title='bbox 1181 3019 1302 3078; x_wconf 81' lang='lat' dir='ltr'><strong>VII,</strong></span> <span class='ocrx_word' id='word_1_214' title='bbox 1343 3020 1406 3067; x_wconf 80' lang='lat'><strong>15</strong></span> 
     </span>
     <span class='ocr_line' id='line_1_30' title="bbox 386 3097 1406 3162; baseline 0 -15"><span class='ocrx_word' id='word_1_215' title='bbox 386 3114 489 3147; x_wconf 86' lang='lat' dir='ltr'><strong>non</strong></span> <span class='ocrx_word' id='word_1_216' title='bbox 507 3098 814 3147; x_wconf 82' lang='lat' dir='ltr'><strong>referendum</strong></span> <span class='ocrx_word' id='word_1_217' title='bbox 840 3097 1061 3157; x_wconf 81' lang='lat' dir='ltr'><strong>videtur,</strong></span> <span class='ocrx_word' id='word_1_218' title='bbox 1086 3099 1198 3162; x_wconf 88' lang='lat' dir='ltr'><strong>quia</strong></span> <span class='ocrx_word' id='word_1_219' title='bbox 1218 3100 1406 3147; x_wconf 81' lang='lat' dir='ltr'><strong>Tuscu-</strong></span> 
     </span>
     <span class='ocr_line' id='line_1_31' title="bbox 384 3176 1405 3241; baseline 0 -16"><span class='ocrx_word' id='word_1_220' title='bbox 384 3178 485 3226; x_wconf 85' lang='lat' dir='ltr'><strong>lani</strong></span> <span class='ocrx_word' id='word_1_221' title='bbox 503 3179 648 3240; x_wconf 79' lang='lat' dir='ltr'><strong>hujus</strong></span> <span class='ocrx_word' id='word_1_222' title='bbox 667 3176 884 3225; x_wconf 82' lang='lat' dir='ltr'><strong>criminis</strong></span> <span class='ocrx_word' id='word_1_223' title='bbox 895 3178 996 3237; x_wconf 85' lang='lat' dir='ltr'><strong>jam</strong></span> <span class='ocrx_word' id='word_1_224' title='bbox 1015 3193 1184 3241; x_wconf 83' lang='lat' dir='ltr'><strong>poenas</strong></span> <span class='ocrx_word' id='word_1_225' title='bbox 1201 3177 1405 3239; x_wconf 88' lang='lat' dir='ltr'><strong>dedere;</strong></span> 
     </span>
     <span class='ocr_line' id='line_1_32' title="bbox 386 3256 1405 3316; baseline 0.001 -11"><span class='ocrx_word' id='word_1_226' title='bbox 386 3257 499 3305; x_wconf 82' lang='lat' dir='ltr'><strong>vide</strong></span> <span class='ocrx_word' id='word_1_227' title='bbox 519 3258 664 3316; x_wconf 80' lang='lat' dir='ltr'><strong>VIII,</strong></span> <span class='ocrx_word' id='word_1_228' title='bbox 692 3264 770 3313; x_wconf 78' lang='lat'><strong>14.</strong></span> <span class='ocrx_word' id='word_1_229' title='bbox 799 3258 974 3303; x_wconf 78' lang='lat' dir='ltr'><strong>Postea</strong></span> <span class='ocrx_word' id='word_1_230' title='bbox 992 3256 1295 3304; x_wconf 84' lang='lat' dir='ltr'><strong>Privernates</strong></span> <span class='ocrx_word' id='word_1_231' title='bbox 1314 3257 1405 3306; x_wconf 87' lang='lat' dir='ltr'><strong>ite-</strong></span> 
     </span>
     <span class='ocr_line' id='line_1_33' title="bbox 385 3335 1404 3401; baseline 0 -16"><span class='ocrx_word' id='word_1_232' title='bbox 385 3354 494 3385; x_wconf 85' lang='lat' dir='ltr'><strong>rum</strong></span> <span class='ocrx_word' id='word_1_233' title='bbox 508 3337 842 3394; x_wconf 85' lang='lat' dir='ltr'><strong>desciverunt3</strong></span> <span class='ocrx_word' id='word_1_234' title='bbox 862 3335 977 3383; x_wconf 86' lang='lat' dir='ltr'><strong>vide</strong></span> <span class='ocrx_word' id='word_1_235' title='bbox 991 3352 1097 3401; x_wconf 84' lang='lat' dir='ltr'><strong>cap.</strong></span> <span class='ocrx_word' id='word_1_236' title='bbox 1119 3354 1138 3383; x_wconf 83' lang='lat'>1</span> <span class='ocrx_word' id='word_1_237' title='bbox 1150 3351 1181 3398; x_wconf 82' lang='lat'>9</span> <span class='ocrx_word' id='word_1_238' title='bbox 1200 3352 1302 3399; x_wconf 86' lang='lat' dir='ltr'><strong>seq.</strong></span> <span class='ocrx_word' id='word_1_239' title='bbox 1316 3337 1404 3385; x_wconf 84' lang='lat' dir='ltr'><strong>sed</strong></span> 
     </span>
     <span class='ocr_line' id='line_1_34' title="bbox 382 3415 1403 3481; baseline -0.002 -16"><span class='ocrx_word' id='word_1_240' title='bbox 382 3432 541 3481; x_wconf 87' lang='lat' dir='ltr'><strong>neque</strong></span> <span class='ocrx_word' id='word_1_241' title='bbox 566 3415 621 3463; x_wconf 87' lang='lat' dir='ltr'><strong>id</strong></span> <span class='ocrx_word' id='word_1_242' title='bbox 640 3415 1028 3463; x_wconf 83' lang='lat' dir='ltr'><strong>Tusculanorum</strong></span> <span class='ocrx_word' id='word_1_243' title='bbox 1054 3431 1150 3479; x_wconf 88' lang='lat' dir='ltr'><strong>ope</strong></span> <span class='ocrx_word' id='word_1_244' title='bbox 1169 3428 1218 3464; x_wconf 88' lang='lat' dir='ltr'><strong>et</strong></span> <span class='ocrx_word' id='word_1_245' title='bbox 1240 3417 1403 3463; x_wconf 83' lang='lat' dir='ltr'><strong>consi-</strong></span> 
     </span>
     <span class='ocr_line' id='line_1_35' title="bbox 383 3495 1401 3559; baseline -0.001 -15"><span class='ocrx_word' id='word_1_246' title='bbox 383 3498 451 3546; x_wconf 90' lang='lat' dir='ltr'><strong>lio</strong></span> <span class='ocrx_word' id='word_1_247' title='bbox 489 3498 696 3554; x_wconf 84' lang='lat' dir='ltr'><strong>factum,</strong></span> <span class='ocrx_word' id='word_1_248' title='bbox 738 3511 897 3559; x_wconf 90' lang='lat' dir='ltr'><strong>neque</strong></span> <span class='ocrx_word' id='word_1_249' title='bbox 919 3496 1199 3543; x_wconf 79' lang='lat' dir='ltr'><strong>Veliternos</strong></span> <span class='ocrx_word' id='word_1_250' title='bbox 1239 3495 1401 3543; x_wconf 80' lang='lat' dir='ltr'><strong>socios</strong></span> 
     </span>
     <span class='ocr_line' id='line_1_36' title="bbox 382 3573 1402 3635; baseline -0.006 -10"><span class='ocrx_word' id='word_1_251' title='bbox 382 3578 530 3625; x_wconf 81' lang='lat' dir='ltr'><strong>fuisse</strong></span> <span class='ocrx_word' id='word_1_252' title='bbox 566 3585 757 3623; x_wconf 84' lang='lat' dir='ltr'><strong>constat</strong></span> <span class='ocrx_word' id='word_1_253' title='bbox 778 3591 840 3633; x_wconf 69' lang='grc' dir='ltr'><strong>»ς</strong></span> <span class='ocrx_word' id='word_1_254' title='bbox 878 3573 1030 3622; x_wconf 78' lang='lat' dir='ltr'><strong>Drak.</strong></span> <span class='ocrx_word' id='word_1_255' title='bbox 1072 3600 1143 3610; x_wconf 88' lang='lat'><strong>——-</strong></span> <span class='ocrx_word' id='word_1_256' title='bbox 1186 3575 1402 3635; x_wconf 81' lang='lat' dir='ltr'><strong>Quorum</strong></span> 
     </span>
     <span class='ocr_line' id='line_1_37' title="bbox 383 3652 1398 3719; baseline -0.001 -17"><span class='ocrx_word' id='word_1_257' title='bbox 383 3671 572 3712; x_wconf 86' lang='lat' dir='ltr'><strong>eorum,</strong></span> <span class='ocrx_word' id='word_1_258' title='bbox 594 3670 803 3719; x_wconf 87' lang='lat' dir='ltr'><strong>quorum</strong></span> <span class='ocrx_word' id='word_1_259' title='bbox 823 3669 885 3701; x_wconf 85' lang='lat' dir='ltr'><strong>ex</strong></span> <span class='ocrx_word' id='word_1_260' title='bbox 902 3653 989 3712; x_wconf 84' lang='lat' dir='ltr'><strong>iis,</strong></span> <span class='ocrx_word' id='word_1_261' title='bbox 1017 3662 1073 3699; x_wconf 89' lang='lat' dir='ltr'><strong>ut</strong></span> <span class='ocrx_word' id='word_1_262' title='bbox 1091 3652 1221 3716; x_wconf 86' lang='lat' dir='ltr'><strong>apud</strong></span> <span class='ocrx_word' id='word_1_263' title='bbox 1242 3653 1398 3701; x_wconf 80' lang='lat' dir='ltr'><strong>Plaut.</strong></span> 
     </span>
     <span class='ocr_line' id='line_1_38' title="bbox 381 3732 1399 3796; baseline -0.003 -13"><span class='ocrx_word' id='word_1_264' title='bbox 381 3736 599 3783; x_wconf 87' lang='lat' dir='ltr'><strong>Trinum.</strong></span> <span class='ocrx_word' id='word_1_265' title='bbox 628 3736 719 3795; x_wconf 83' lang='lat' dir='ltr'><strong>IV,</strong></span> <span class='ocrx_word' id='word_1_266' title='bbox 763 3735 819 3793; x_wconf 82' lang='lat'><strong>3,</strong></span> <span class='ocrx_word' id='word_1_267' title='bbox 862 3744 911 3781; x_wconf 89' lang='lat' dir='ltr'><strong>et</strong></span> <span class='ocrx_word' id='word_1_268' title='bbox 946 3732 1035 3796; x_wconf 84' lang='lat' dir='ltr'><strong>qui</strong></span> <span class='ocrx_word' id='word_1_269' title='bbox 1067 3747 1233 3779; x_wconf 82' lang='lat' dir='ltr'><strong>eorum</strong></span> <span class='ocrx_word' id='word_1_270' title='bbox 1274 3732 1399 3780; x_wconf 83' lang='lat' dir='ltr'><strong>infra</strong></span> 
     </span>
     <span class='ocr_line' id='line_1_39' title="bbox 380 3811 1399 3876; baseline 0 -17"><span class='ocrx_word' id='word_1_271' title='bbox 380 3814 586 3872; x_wconf 79' lang='lat' dir='ltr'><strong>xxm,</strong></span> <span class='ocrx_word' id='word_1_272' title='bbox 615 3814 682 3861; x_wconf 75' lang='lat'><strong>25</strong></span> <span class='ocrx_word' id='word_1_273' title='bbox 720 3814 780 3861; x_wconf 87' lang='lat' dir='ltr'><strong>al.</strong></span> <span class='ocrx_word' id='word_1_274' title='bbox 809 3829 921 3860; x_wconf 88' lang='lat' dir='ltr'><strong>nam</strong></span> <span class='ocrx_word' id='word_1_275' title='bbox 944 3813 1035 3860; x_wconf 86' lang='lat' dir='ltr'><strong>etsi</strong></span> <span class='ocrx_word' id='word_1_276' title='bbox 1055 3811 1257 3876; x_wconf 81' lang='lat' dir='ltr'><strong>publico</strong></span> <span class='ocrx_word' id='word_1_277' title='bbox 1279 3828 1399 3859; x_wconf 85' lang='lat' dir='ltr'><strong>con-</strong></span> 
     </span>
     <span class='ocr_line' id='line_1_40' title="bbox 379 3892 1399 3957; baseline 0.002 -19"><span class='ocrx_word' id='word_1_278' title='bbox 379 3892 492 3939; x_wconf 81' lang='lat' dir='ltr'><strong>silio</strong></span> <span class='ocrx_word' id='word_1_279' title='bbox 512 3892 566 3939; x_wconf 86' lang='lat' dir='ltr'><strong>id</strong></span> <span class='ocrx_word' id='word_1_280' title='bbox 584 3893 765 3943; x_wconf 82' lang='lat' dir='ltr'><strong>factum</strong></span> <span class='ocrx_word' id='word_1_281' title='bbox 785 3893 1000 3957; x_wconf 83' lang='lat' dir='ltr'><strong>suspicio</strong></span> <span class='ocrx_word' id='word_1_282' title='bbox 1023 3904 1150 3948; x_wconf 85' lang='lat' dir='ltr'><strong>erat,</strong></span> <span class='ocrx_word' id='word_1_283' title='bbox 1170 3893 1399 3956; x_wconf 79' lang='lat' dir='ltr'><strong>quaestio-</strong></span> 
     </span>
     <span class='ocr_line' id='line_1_41' title="bbox 380 3972 1398 4032; baseline 0.001 -13"><span class='ocrx_word' id='word_1_284' title='bbox 380 3987 494 4019; x_wconf 88' lang='lat' dir='ltr'><strong>nem</strong></span> <span class='ocrx_word' id='word_1_285' title='bbox 537 3980 699 4019; x_wconf 84' lang='lat' dir='ltr'><strong>tamen</strong></span> <span class='ocrx_word' id='word_1_286' title='bbox 753 3974 806 4019; x_wconf 87' lang='lat' dir='ltr'><strong>in</strong></span> <span class='ocrx_word' id='word_1_287' title='bbox 850 3972 981 4020; x_wconf 88' lang='lat' dir='ltr'><strong>solos</strong></span> <span class='ocrx_word' id='word_1_288' title='bbox 1022 3973 1127 4032; x_wconf 84' lang='lat' dir='ltr'><strong>ejus</strong></span> <span class='ocrx_word' id='word_1_289' title='bbox 1175 3982 1398 4020; x_wconf 76' lang='lat' dir='ltr'><strong>auctores</strong></span> 
     </span>
     <span class='ocr_line' id='line_1_42' title="bbox 378 4050 1400 4112; baseline 0.001 -14"><span class='ocrx_word' id='word_1_290' title='bbox 378 4050 720 4112; x_wconf 73' lang='lat' dir='ltr'><strong>adjutoresque</strong></span> <span class='ocrx_word' id='word_1_291' title='bbox 747 4051 1005 4099; x_wconf 86' lang='lat' dir='ltr'><strong>decemere</strong></span> <span class='ocrx_word' id='word_1_292' title='bbox 1033 4062 1136 4099; x_wconf 85' lang='lat' dir='ltr'><strong>erat</strong></span> <span class='ocrx_word' id='word_1_293' title='bbox 1155 4052 1299 4112; x_wconf 65' lang='lat' dir='ltr'><strong>justa!</strong></span> <span class='ocrx_word' id='word_1_294' title='bbox 1328 4068 1400 4100; x_wconf 86' lang='lat' dir='ltr'><strong>se-</strong></span> 
     </span>
     <span class='ocr_line' id='line_1_43' title="bbox 379 4127 1396 4191; baseline 0.005 -17"><span class='ocrx_word' id='word_1_295' title='bbox 379 4127 619 4185; x_wconf 76' lang='lat' dir='ltr'><strong>veritatis3</strong></span> <span class='ocrx_word' id='word_1_296' title='bbox 652 4129 948 4177; x_wconf 82' lang='lat' dir='ltr'><strong>Gronovius.</strong></span> <span class='ocrx_word' id='word_1_297' title='bbox 970 4130 1109 4178; x_wconf 86' lang='lat' dir='ltr'><strong>Idem</strong></span> <span class='ocrx_word' id='word_1_298' title='bbox 1128 4133 1231 4191; x_wconf 80' lang='lat' dir='ltr'><strong>jam</strong></span> <span class='ocrx_word' id='word_1_299' title='bbox 1257 4142 1396 4179; x_wconf 84' lang='lat' dir='ltr'><strong>antea</strong></span> 
     </span>
    </p>
   </div>
   <div class='ocr_carea' id='block_1_8' title="bbox 1484 2702 2584 4185">
    <p class='ocr_par' dir='ltr' id='par_1_8' title="bbox 1484 2702 2584 4185">
     <span class='ocr_line' id='line_1_44' title="bbox 1495 2702 2514 2767; baseline -0.002 -17"><span class='ocrx_word' id='word_1_300' title='bbox 1495 2702 1610 2751; x_wconf 85' lang='lat' dir='ltr'><strong>loco</strong></span> <span class='ocrx_word' id='word_1_301' title='bbox 1648 2702 1912 2767; x_wconf 84' lang='lat' dir='ltr'><strong>legendum</strong></span> <span class='ocrx_word' id='word_1_302' title='bbox 1953 2703 2091 2766; x_wconf 80' lang='lat' dir='ltr'><strong>quod</strong></span> <span class='ocrx_word' id='word_1_303' title='bbox 2123 2717 2316 2758; x_wconf 83' lang='lat' dir='ltr'><strong>eorum,</strong></span> <span class='ocrx_word' id='word_1_304' title='bbox 2357 2717 2514 2765; x_wconf 85' lang='lat' dir='ltr'><strong>neque</strong></span> 
     </span>
     <span class='ocr_line' id='line_1_45' title="bbox 1497 2778 2584 2846; baseline -0.001 -17"><span class='ocrx_word' id='word_1_305' title='bbox 1497 2782 1800 2846; x_wconf 77' lang='lat' dir='ltr'><strong>rogationem</strong></span> <span class='ocrx_word' id='word_1_306' title='bbox 1830 2782 1891 2829; x_wconf 88' lang='lat' dir='ltr'><strong>de</strong></span> <span class='ocrx_word' id='word_1_307' title='bbox 1907 2781 2028 2829; x_wconf 84' lang='lat' dir='ltr'><strong>solis</strong></span> <span class='ocrx_word' id='word_1_308' title='bbox 2052 2781 2198 2843; x_wconf 80' lang='lat' dir='ltr'><strong>hujus</strong></span> <span class='ocrx_word' id='word_1_309' title='bbox 2215 2781 2287 2829; x_wconf 85' lang='lat' dir='ltr'><strong>rei</strong></span> <span class='ocrx_word' id='word_1_310' title='bbox 2305 2780 2515 2829; x_wconf 85' lang='lat' dir='ltr'><strong>auctori·</strong></span> <span class='ocrx_word' id='word_1_311' title='bbox 2581 2778 2584 2783; x_wconf 74' lang='grc'><strong>’</strong></span> 
     </span>
     <span class='ocr_line' id='line_1_46' title="bbox 1495 2860 2510 2925; baseline 0.001 -16"><span class='ocrx_word' id='word_1_312' title='bbox 1495 2860 1590 2909; x_wconf 83' lang='lat' dir='ltr'><strong>bus</strong></span> <span class='ocrx_word' id='word_1_313' title='bbox 1608 2862 1754 2909; x_wconf 83' lang='lat' dir='ltr'><strong>latam</strong></span> <span class='ocrx_word' id='word_1_314' title='bbox 1776 2877 1895 2909; x_wconf 82' lang='lat' dir='ltr'><strong>esse.</strong></span> <span class='ocrx_word' id='word_1_315' title='bbox 1918 2864 2217 2925; x_wconf 79' lang='lat' dir='ltr'><strong>Argumenta</strong></span> <span class='ocrx_word' id='word_1_316' title='bbox 2239 2861 2346 2909; x_wconf 77' lang='lat' dir='ltr'><strong>haec</strong></span> <span class='ocrx_word' id='word_1_317' title='bbox 2364 2873 2475 2909; x_wconf 87' lang='lat' dir='ltr'><strong>sunt</strong></span> <span class='ocrx_word' id='word_1_318' title='bbox 2495 2875 2510 2910; x_wconf 73' lang='grc' dir='ltr'><strong><em>ε</em></strong></span> 
     </span>
     <span class='ocr_line' id='line_1_47' title="bbox 1496 2941 2515 2999; baseline -0.001 -11"><span class='ocrx_word' id='word_1_319' title='bbox 1496 2963 1523 2982; x_wconf 74' lang='grc' dir='ltr'><strong><em>κ</em></strong></span> <span class='ocrx_word' id='word_1_320' title='bbox 1544 2941 1758 2989; x_wconf 86' lang='lat' dir='ltr'><strong>Primum</strong></span> <span class='ocrx_word' id='word_1_321' title='bbox 1780 2956 1883 2988; x_wconf 86' lang='lat' dir='ltr'><strong>non</strong></span> <span class='ocrx_word' id='word_1_322' title='bbox 1902 2956 2100 2988; x_wconf 88' lang='lat' dir='ltr'><strong>necesse</strong></span> <span class='ocrx_word' id='word_1_323' title='bbox 2120 2951 2246 2999; x_wconf 88' lang='lat' dir='ltr'><strong>erat,</strong></span> <span class='ocrx_word' id='word_1_324' title='bbox 2264 2941 2317 2987; x_wconf 89' lang='lat' dir='ltr'><strong>in</strong></span> <span class='ocrx_word' id='word_1_325' title='bbox 2335 2955 2419 2988; x_wconf 86' lang='lat' dir='ltr'><strong>eos</strong></span> <span class='ocrx_word' id='word_1_326' title='bbox 2434 2956 2515 2987; x_wconf 87' lang='lat' dir='ltr'><strong>ro·</strong></span> 
     </span>
     <span class='ocr_line' id='line_1_48' title="bbox 1496 3018 2513 3084; baseline 0 -16"><span class='ocrx_word' id='word_1_327' title='bbox 1496 3020 1691 3084; x_wconf 81' lang='lat' dir='ltr'><strong>gatione</strong></span> <span class='ocrx_word' id='word_1_328' title='bbox 1743 3018 1998 3068; x_wconf 78' lang='lat' dir='ltr'><strong>tribunitia</strong></span> <span class='ocrx_word' id='word_1_329' title='bbox 2047 3019 2289 3080; x_wconf 82' lang='lat' dir='ltr'><strong>judicium</strong></span> <span class='ocrx_word' id='word_1_330' title='bbox 2339 3020 2513 3084; x_wconf 86' lang='lat' dir='ltr'><strong>populi</strong></span> 
     </span>
     <span class='ocr_line' id='line_1_49' title="bbox 1493 3097 2514 3163; baseline -0.001 -15"><span class='ocrx_word' id='word_1_331' title='bbox 1493 3100 1728 3149; x_wconf 85' lang='lat' dir='ltr'><strong>constitui</strong></span> <span class='ocrx_word' id='word_1_332' title='bbox 1741 3133 1756 3158; x_wconf 90' lang='lat'><strong><em>‚</em></strong></span> <span class='ocrx_word' id='word_1_333' title='bbox 1778 3099 1890 3162; x_wconf 86' lang='lat' dir='ltr'><strong>quia</strong></span> <span class='ocrx_word' id='word_1_334' title='bbox 1911 3097 2058 3159; x_wconf 84' lang='lat' dir='ltr'><strong>hujus</strong></span> <span class='ocrx_word' id='word_1_335' title='bbox 2077 3101 2268 3163; x_wconf 79' lang='lat' dir='ltr'><strong>generis</strong></span> <span class='ocrx_word' id='word_1_336' title='bbox 2287 3100 2514 3163; x_wconf 66' lang='lat' dir='ltr'><strong>quaestio-</strong></span> 
     </span>
     <span class='ocr_line' id='line_1_50' title="bbox 1492 3179 2513 3243; baseline -0.002 -15"><span class='ocrx_word' id='word_1_337' title='bbox 1492 3196 1580 3228; x_wconf 86' lang='lat' dir='ltr'><strong>nes</strong></span> <span class='ocrx_word' id='word_1_338' title='bbox 1598 3179 1698 3227; x_wconf 84' lang='lat' dir='ltr'><strong>fere</strong></span> <span class='ocrx_word' id='word_1_339' title='bbox 1710 3179 2133 3227; x_wconf 84' lang='lat' dir='ltr'><strong>senatusconsulto</strong></span> <span class='ocrx_word' id='word_1_340' title='bbox 2154 3179 2513 3243; x_wconf 82' lang='lat' dir='ltr'><strong>magistratibus</strong></span> 
     </span>
     <span class='ocr_line' id='line_1_51' title="bbox 1493 3255 2513 3319; baseline -0.002 -12"><span class='ocrx_word' id='word_1_341' title='bbox 1493 3259 1848 3307; x_wconf 83' lang='lat' dir='ltr'><strong>mandabantur</strong></span> <span class='ocrx_word' id='word_1_342' title='bbox 1858 3293 1873 3318; x_wconf 90' lang='lat'><strong><em>‚</em></strong></span> <span class='ocrx_word' id='word_1_343' title='bbox 1892 3270 1946 3306; x_wconf 90' lang='lat' dir='ltr'><strong>ut</strong></span> <span class='ocrx_word' id='word_1_344' title='bbox 1958 3260 2186 3307; x_wconf 81' lang='lat' dir='ltr'><strong>xxvm</strong></span> <span class='ocrx_word' id='word_1_345' title='bbox 2199 3295 2214 3319; x_wconf 93' lang='lat'><em>‚</em></span> <span class='ocrx_word' id='word_1_346' title='bbox 2229 3260 2296 3307; x_wconf 82' lang='lat'><strong>30</strong></span> <span class='ocrx_word' id='word_1_347' title='bbox 2306 3255 2488 3318; x_wconf 67' lang='lat' dir='ltr'><strong>,et‘XL</strong></span> <span class='ocrx_word' id='word_1_348' title='bbox 2498 3294 2513 3318; x_wconf 93' lang='lat'><strong><em>‚</em></strong></span> 
     </span>
     <span class='ocr_line' id='line_1_52' title="bbox 1493 3339 2513 3402; baseline -0.002 -16"><span class='ocrx_word' id='word_1_349' title='bbox 1493 3339 1577 3386; x_wconf 81' lang='lat'><strong>53.</strong></span> <span class='ocrx_word' id='word_1_350' title='bbox 1601 3340 1793 3395; x_wconf 77' lang='lat' dir='ltr'><strong>Deinde</strong></span> <span class='ocrx_word' id='word_1_351' title='bbox 1811 3355 1914 3386; x_wconf 89' lang='lat' dir='ltr'><strong>non</strong></span> <span class='ocrx_word' id='word_1_352' title='bbox 1931 3355 2050 3388; x_wconf 77' lang='lat' dir='ltr'><strong>vero</strong></span> <span class='ocrx_word' id='word_1_353' title='bbox 2069 3339 2225 3386; x_wconf 85' lang='lat' dir='ltr'><strong>simile</strong></span> <span class='ocrx_word' id='word_1_354' title='bbox 2241 3350 2341 3398; x_wconf 84' lang='lat' dir='ltr'><strong>est,</strong></span> <span class='ocrx_word' id='word_1_355' title='bbox 2350 3355 2513 3402; x_wconf 79' lang='lat' dir='ltr'><strong>popu-</strong></span> 
     </span>
     <span class='ocr_line' id='line_1_53' title="bbox 1491 3418 2512 3484; baseline 0.001 -19"><span class='ocrx_word' id='word_1_356' title='bbox 1491 3418 1591 3465; x_wconf 82' lang='lat' dir='ltr'><strong>lum</strong></span> <span class='ocrx_word' id='word_1_357' title='bbox 1634 3420 1938 3467; x_wconf 79' lang='lat' dir='ltr'><strong>tusculanum</strong></span> <span class='ocrx_word' id='word_1_358' title='bbox 1977 3434 2244 3484; x_wconf 87' lang='lat' dir='ltr'><strong>paucorum</strong></span> <span class='ocrx_word' id='word_1_359' title='bbox 2281 3418 2512 3479; x_wconf 81' lang='lat' dir='ltr'><strong>fortasse,</strong></span> 
     </span>
     <span class='ocr_line' id='line_1_54' title="bbox 1491 3498 2511 3563; baseline 0.002 -18"><span class='ocrx_word' id='word_1_360' title='bbox 1491 3512 1699 3561; x_wconf 85' lang='lat' dir='ltr'><strong>quorum</strong></span> <span class='ocrx_word' id='word_1_361' title='bbox 1733 3514 1829 3563; x_wconf 82' lang='lat' dir='ltr'><strong>ope</strong></span> <span class='ocrx_word' id='word_1_362' title='bbox 1866 3515 1923 3546; x_wconf 88' lang='lat' dir='ltr'><strong>ac</strong></span> <span class='ocrx_word' id='word_1_363' title='bbox 1961 3499 2168 3547; x_wconf 83' lang='lat' dir='ltr'><strong>consilio</strong></span> <span class='ocrx_word' id='word_1_364' title='bbox 2193 3498 2293 3546; x_wconf 83' lang='lat' dir='ltr'><strong>boe</strong></span> <span class='ocrx_word' id='word_1_365' title='bbox 2328 3499 2511 3547; x_wconf 85' lang='lat' dir='ltr'><strong>factum</strong></span> 
     </span>
     <span class='ocr_line' id='line_1_55' title="bbox 1488 3576 2514 3642; baseline 0.003 -20"><span class='ocrx_word' id='word_1_366' title='bbox 1488 3576 1668 3635; x_wconf 81' lang='lat' dir='ltr'><strong>fuerat,</strong></span> <span class='ocrx_word' id='word_1_367' title='bbox 1683 3577 1931 3642; x_wconf 84' lang='lat' dir='ltr'><strong>supplicio</strong></span> <span class='ocrx_word' id='word_1_368' title='bbox 1948 3577 2317 3626; x_wconf 84' lang='lat' dir='ltr'><strong>eximendomm</strong></span> <span class='ocrx_word' id='word_1_369' title='bbox 2334 3578 2484 3641; x_wconf 83' lang='lat' dir='ltr'><strong>gratia</strong></span> <span class='ocrx_word' id='word_1_370' title='bbox 2497 3613 2514 3638; x_wconf 92' lang='lat'><strong>,</strong></span> 
     </span>
     <span class='ocr_line' id='line_1_56' title="bbox 1488 3657 2508 3705; baseline 0.002 -2"><span class='ocrx_word' id='word_1_371' title='bbox 1488 3672 1591 3704; x_wconf 88' lang='lat' dir='ltr'><strong>rem</strong></span> <span class='ocrx_word' id='word_1_372' title='bbox 1629 3668 1727 3704; x_wconf 85' lang='lat' dir='ltr'><strong>tam</strong></span> <span class='ocrx_word' id='word_1_373' title='bbox 1765 3658 2196 3705; x_wconf 64' lang='lat' dir='ltr'><strong>extraordinariam</strong></span> <span class='ocrx_word' id='word_1_374' title='bbox 2232 3657 2391 3705; x_wconf 83' lang='lat' dir='ltr'><strong>facere</strong></span> <span class='ocrx_word' id='word_1_375' title='bbox 2420 3673 2508 3705; x_wconf 85' lang='lat' dir='ltr'><strong>vo-</strong></span> 
     </span>
     <span class='ocr_line' id='line_1_57' title="bbox 1486 3734 2510 3801; baseline 0.002 -19"><span class='ocrx_word' id='word_1_376' title='bbox 1486 3734 1663 3795; x_wconf 86' lang='lat' dir='ltr'><strong>luisse,</strong></span> <span class='ocrx_word' id='word_1_377' title='bbox 1705 3748 1761 3784; x_wconf 91' lang='lat' dir='ltr'><strong>ut</strong></span> <span class='ocrx_word' id='word_1_378' title='bbox 1789 3754 1901 3785; x_wconf 88' lang='lat' dir='ltr'><strong>cum</strong></span> <span class='ocrx_word' id='word_1_379' title='bbox 1928 3736 2223 3801; x_wconf 78' lang='lat' dir='ltr'><strong>conjugibus</strong></span> <span class='ocrx_word' id='word_1_380' title='bbox 2258 3752 2318 3784; x_wconf 87' lang='lat' dir='ltr'><strong>ac</strong></span> <span class='ocrx_word' id='word_1_381' title='bbox 2341 3735 2510 3784; x_wconf 85' lang='lat' dir='ltr'><strong>liberis</strong></span> 
     </span>
     <span class='ocr_line' id='line_1_58' title="bbox 1486 3816 2512 3880; baseline 0.001 -17"><span class='ocrx_word' id='word_1_382' title='bbox 1486 3816 1694 3863; x_wconf 81' lang='lat' dir='ltr'><strong>Romam</strong></span> <span class='ocrx_word' id='word_1_383' title='bbox 1708 3818 1914 3876; x_wconf 80' lang='lat' dir='ltr'><strong>veniret,</strong></span> <span class='ocrx_word' id='word_1_384' title='bbox 1928 3828 1977 3865; x_wconf 91' lang='lat' dir='ltr'><strong>et</strong></span> <span class='ocrx_word' id='word_1_385' title='bbox 1987 3828 2121 3865; x_wconf 74' lang='lat' dir='ltr'><strong>veste</strong></span> <span class='ocrx_word' id='word_1_386' title='bbox 2134 3826 2333 3875; x_wconf 85' lang='lat' dir='ltr'><strong>mutata,</strong></span> <span class='ocrx_word' id='word_1_387' title='bbox 2347 3816 2512 3880; x_wconf 84' lang='lat' dir='ltr'><strong>specie</strong></span> 
     </span>
     <span class='ocr_line' id='line_1_59' title="bbox 1485 3896 2510 3961; baseline 0.004 -21"><span class='ocrx_word' id='word_1_388' title='bbox 1485 3909 1681 3942; x_wconf 84' lang='lat' dir='ltr'><strong>reorum</strong></span> <span class='ocrx_word' id='word_1_389' title='bbox 1700 3896 1926 3944; x_wconf 76' lang='lat' dir='ltr'><strong>tribubus</strong></span> <span class='ocrx_word' id='word_1_390' title='bbox 1945 3897 2259 3961; x_wconf 81' lang='lat' dir='ltr'><strong>supplicaret.</strong></span> <span class='ocrx_word' id='word_1_391' title='bbox 2275 3898 2510 3944; x_wconf 82' lang='lat' dir='ltr'><strong>Praeterea</strong></span> 
     </span>
     <span class='ocr_line' id='line_1_60' title="bbox 1484 3974 2509 4039; baseline 0.003 -19"><span class='ocrx_word' id='word_1_392' title='bbox 1484 3974 1618 4021; x_wconf 86' lang='lat' dir='ltr'><strong>nulla</strong></span> <span class='ocrx_word' id='word_1_393' title='bbox 1638 3991 1932 4039; x_wconf 84' lang='lat' dir='ltr'><strong>magnopere</strong></span> <span class='ocrx_word' id='word_1_394' title='bbox 1954 3993 2101 4026; x_wconf 83' lang='lat' dir='ltr'><strong>causa</strong></span> <span class='ocrx_word' id='word_1_395' title='bbox 2123 3976 2296 4024; x_wconf 71' lang='lat' dir='ltr'><strong>finisset</strong></span> <span class='ocrx_word' id='word_1_396' title='bbox 2321 3975 2509 4024; x_wconf 63' lang='lat' dir='ltr'><strong>ceteris</strong></span> 
     </span>
     <span class='ocr_line' id='line_1_61' title="bbox 1484 4052 2507 4121; baseline 0 -20"><span class='ocrx_word' id='word_1_397' title='bbox 1484 4052 1710 4102; x_wconf 86' lang='lat' dir='ltr'><strong>tribubus</strong></span> <span class='ocrx_word' id='word_1_398' title='bbox 1739 4056 2028 4119; x_wconf 78' lang='lat' dir='ltr'><strong>antiquandi</strong></span> <span class='ocrx_word' id='word_1_399' title='bbox 2061 4057 2218 4121; x_wconf 83' lang='lat' dir='ltr'><strong>legem</strong></span> <span class='ocrx_word' id='word_1_400' title='bbox 2232 4091 2248 4117; x_wconf 91' lang='lat'>‚</span> <span class='ocrx_word' id='word_1_401' title='bbox 2291 4056 2334 4104; x_wconf 88' lang='lat' dir='ltr'><strong>si</strong></span> <span class='ocrx_word' id='word_1_402' title='bbox 2371 4072 2425 4104; x_wconf 83' lang='lat' dir='ltr'><strong>ea</strong></span> <span class='ocrx_word' id='word_1_403' title='bbox 2446 4054 2507 4102; x_wconf 83' lang='lat' dir='ltr'><strong>de</strong></span> 
     </span>
     <span class='ocr_line' id='line_1_62' title="bbox 1484 4132 2502 4185; baseline 0.005 -5"><span class='ocrx_word' id='word_1_404' title='bbox 1484 4132 1605 4182; x_wconf 76' lang='lat' dir='ltr'><strong>solis</strong></span> <span class='ocrx_word' id='word_1_405' title='bbox 1640 4135 1922 4185; x_wconf 83' lang='lat' dir='ltr'><strong>auctoribus</strong></span> <span class='ocrx_word' id='word_1_406' title='bbox 1948 4136 2044 4184; x_wconf 88' lang='lat' dir='ltr'><strong>lata</strong></span> <span class='ocrx_word' id='word_1_407' title='bbox 2069 4137 2243 4185; x_wconf 78' lang='lat' dir='ltr'><strong>fuisset</strong></span> <span class='ocrx_word' id='word_1_408' title='bbox 2279 4151 2295 4185; x_wconf 72' lang='grc' dir='ltr'><strong><em>ε</em></strong></span> <span class='ocrx_word' id='word_1_409' title='bbox 2333 4136 2385 4184; x_wconf 83' lang='lat' dir='ltr'><strong>in</strong></span> <span class='ocrx_word' id='word_1_410' title='bbox 2409 4133 2502 4180; x_wconf 75' lang='lat'><strong>110⁸</strong></span> 
     </span>
    </p>
   </div>
  </div>
 </body>
</html>
