3000 4717
2253 370 2302 409 A.
2334 370 2382 410 C.
2411 373 2636 432 431—429.

2253 430 2308 470 U.
2331 433 2379 472 C.
2411 436 2634 475 321—323.

573 389 665 477 54
1412 395 1489 459 Τ.
1556 393 1832 462 LIVII

567 519 844 611 spirare
869 512 968 583 ab
995 529 1242 585 eorum
1275 519 1520 585 mixtis
1533 513 1875 610 precibus
1902 517 2247 609 minisque
2276 502 2524 601 liceat,
2547 541 2691 587 me·

568 646 840 720 morem
861 649 1023 695 eam
1053 649 1348 697 suorum
1373 631 1709 697 inituram
1732 625 2091 721 suffiage'a
2120 649 2269 694 esse
2279 678 2301 710 ,
2335 639 2408 694 et
2426 622 2687 722 ⁶parto

569 729 856 804 auxilio
879 737 1251 830 imperium
1272 760 1561 832 quoque
1575 736 2041 807 adscituram.
2064 734 2333 821 Placet,
2354 735 2687 808 tollendae

568 844 980 916 ambitionis
1014 870 1225 917 causa
1259 845 1595 917 tribunos
1630 847 1862 944 legem
1902 845 2358 943 promulgare
2382 903 2400 937 ,
2443 873 2538 918 ne
2573 850 2690 918 cui

565 953 842 1025 album⁷
866 956 941 1024 in
960 957 1469 1026 vestimentum
1499 956 1761 1027 addere
1781 957 2149 1053 petitionis
2168 956 2414 1026 liceret
2443 981 2686 1028 causa:

564 1089 786 1162 parva
812 1089 1010 1134 nunc
1036 1090 1150 1136 res
1169 1120 1188 1154 ,
1224 1079 1295 1135 et
1323 1068 1439 1137 vix
1471 1069 1658 1138 serio
1692 1067 1965 1162 agenda
1989 1066 2212 1137 videri
2240 1068 2500 1162 possit,
2529 1092 2690 1163 quae

567 1188 744 1244 tunc
795 1176 1070 1273 ingenti
1128 1178 1516 1247 certamine
1572 1182 1815 1248 Patres
1870 1200 1951 1247 ac
2007 1175 2294 1273 plebem
2339 1177 2685 1248 accendit.

562 1285 817 1355 Vicere
846 1299 1087 1356 tamen
1106 1286 1412 1368 tribuni,
1444 1303 1525 1358 ut
1552 1288 1781 1385 legem
1808 1286 2246 1383 perferrent:
2277 1287 2692 1384 apparebat-

564 1419 744 1490 que,
782 1396 1073 1466 irritatis
1104 1399 1392 1487 animis,
1430 1398 1717 1496 plebem
1740 1395 1767 1450 ⁸
1798 1396 1887 1467 ad
1926 1419 2093 1469 suos
2120 1393 2353 1468 studia
2387 1398 2687 1470 inclina-

565 1520 800 1574 turam
843 1532 858 1574 :
911 1531 1070 1602 quae
1115 1533 1207 1578 ne
1256 1509 1479 1581 libera
1511 1525 1780 1600 essent,
1813 1523 2102 1581 senatus
2134 1507 2548 1577 consultum
2583 1505 2689 1576 fa-

562 1629 760 1684 ctum
789 1629 896 1686 est
915 1672 932 1702 ‚
961 1629 1041 1686 ut
1067 1619 1469 1691 consularia
1510 1624 1797 1693 comitia
1829 1620 2287 1693 haberentur.

554 1779 557 1788 ,
658 1729 912 1795 XXVI.
936 1727 1354 1798 Tumultus¹
1383 1755 1593 1800 causa
1620 1731 1752 1802 fuit
1769 1787 1787 1815 ,
1815 1758 2035 1829 quem
2055 1729 2145 1804 ab
2163 1728 2407 1825 AEquis
2435 1741 2504 1797 et
2523 1726 2692 1798 Vol·

567 1839 702 1909 scis
755 1840 989 1909 Latini
1038 1854 1258 1937 atque
1296 1844 1587 1913 Hernici
1628 1846 2070 1913 nuntiarant.
2109 1847 2183 1911 T.
2222 1840 2566 1930 Quintius
2604 1842 2685 1908 L.

562 1950 633 2016 F.
674 1950 1141 2021 Cincinnatus
1162 1951 1425 2046 (eidem
1452 1966 1524 2023 et
1561 1956 1810 2023 Penno
1843 1976 2247 2048 cognomen
2279 1947 2596 2044 additur)
2619 1961 2692 2019 et

563 2062 641 2129 C.
679 2061 907 2130 Julius
944 2065 1194 2132 Mento
1230 2063 1563 2136 consules
1612 2061 1778 2133 facti
1812 2089 1828 2132 :
1867 2086 2004 2132 nec
2036 2061 2224 2130 ultra
2255 2073 2490 2129 terror
2513 2056 2693 2129 belli

562 2185 670 2242 est
705 2170 986 2243 dilatus.
1030 2177 1267 2270 Lege?
1304 2187 1612 2260 sacrata,
1661 2197 1823 2270 quae
1855 2172 2162 2240 maxima
2199 2167 2394 2264 apud
2435 2191 2558 2237 eos
2584 2169 2695 2238 vis

563 2281 901 2376 cogendae
930 2283 1195 2351 militiae
1219 2296 1369 2352 erat
1384 2307 1410 2370 ·,
1450 2282 1736 2352 delectu
1766 2280 2050 2368 habim,
2081 2278 2448 2371 utrimque
2473 2276 2695 2350 validi

563 2392 918 2466 exercitus
946 2389 1254 2487 profecti
1288 2392 1365 2460 in
1386 2390 1723 2485 Algidum
1750 2412 2190 2466 convenere:
2229 2384 2478 2482 ibique
2506 2408 2695 2455 seor-

628 2575 677 2621 6.
699 2577 851 2621 Par-to
865 2575 1080 2632 auxilio,
1101 2576 1151 2626 h.
1173 2593 1214 2623 e.
1236 2588 1479 2644 potestate
1496 2578 1581 2632 tri-
1655 2573 1947 2658 Chrestom.
1970 2578 2096 2626 Eun.
2117 2592 2167 2639 p.
2190 2577 2273 2634 37.
2298 2575 2539 2632 Caetenum
2559 2573 2692 2622 hanc

559 2653 804 2699 hunorum
825 2654 1007 2720 plebis,
1027 2654 1305 2718 imperium,
1338 2673 1580 2704 summum
1655 2621 1871 2721 primam
1885 2656 2033 2703 fuisse
2046 2655 2229 2716 legem,
2249 2670 2356 2716 quae
2377 2653 2439 2700 ad
2453 2625 2689 2699 ambitum

555 2729 823 2793 honorem,
842 2733 945 2781 scil.
974 2733 1282 2782 tribunorum
1312 2736 1412 2783 mil.
1440 2751 1579 2784 cons.

556 2823 692 2875 pot„
714 2812 1036 2878 αάεοὶειινᾳηι,
1059 2826 1367 2918 accepturam
1385 2816 1465 2874 vel
1480 2816 1579 2878 sibi
1607 2851 1612 2860 .

553 2892 926 2940 vindicaturam.

628 2986 674 3030 7.
713 2973 893 3019 Album
929 2969 1206 3038 (colorem,
1231 2972 1282 3019 h.
1312 2989 1354 3019 e.
1393 2984 1575 3020 cretam

552 3049 831 3108 Cimoliam,
860 3066 954 3113 qua
975 3052 1185 3104 fultona
1211 3050 1501 3115 utebantur)
1524 3052 1575 3099 in

550 3126 887 3183 vestimentum
908 3130 1104 3188 addere,
1123 3128 1316 3187 indere,
1336 3129 1415 3176 vel
1432 3130 1576 3194 resti·

550 3217 718 3253 mento
748 3207 930 3255 addere
949 3207 1200 3272 peticionis
1230 3223 1381 3253 causa
1395 3240 1411 3262 ,
1443 3219 1575 3260 creta

551 3282 716 3347 togam
746 3285 949 3336 reddere
975 3275 1308 3333 candidiorem
1333 3296 1478 3348 atque
1504 3288 1574 3335 sic

549 3362 869 3427 insigniorem
885 3398 899 3421 ‚
944 3376 999 3412 ut
1043 3363 1266 3412 solebant
1306 3365 1574 3430 petitores;

547 3442 680 3494 unde
704 3442 825 3492 dieti
845 3442 1126 3500 candidati,
1148 3455 1197 3492 et
1220 3456 1337 3509 toga
1357 3445 1576 3493 candida

547 3522 827 3594 xxxva,
850 3521 912 3583 57
931 3539 947 3581 ;
969 3524 1061 3586 liro
1074 3523 1315 3587 petitione
1330 3533 1547 3576 censurae
1558 3561 1572 3586 ,

546 3612 737 3652 cretata
761 3599 961 3650 ambicio
986 3604 1118 3650 Pers.
1142 3604 1207 3660 V,
1239 3620 1353 3664 177.
1388 3605 1574 3652 Confer

542 3681 670 3732 Plin-
691 3681 912 3741 XXXV,
938 3696 994 3740 17
1020 3698 1105 3729 seu
1127 3681 1209 3742 57.
1230 3683 1463 3731 Similiter
1477 3683 1568 3731 inf.

544 3762 662 3817 XL,
690 3759 774 3818 51,
801 3776 852 3807 n.
882 3767 939 3818 4,
965 3761 1217 3814 columnas
1234 3762 1397 3825 polim
1423 3762 1565 3818 albo,

542 3838 649 3888 scil.
670 3839 835 3887 colore
846 3874 862 3897 ,
878 3841 1087 3889 tectorio
1101 3841 1181 3889 vel
1192 3841 1381 3888 albario
1393 3855 1567 3905 opere,

544 3933 695 3981 germ.
729 3917 1038 3966 uberweissen
1054 3954 1069 3976 ‚
1110 3919 1433 3967 iibens'inchen
1459 3937 1478 3966 .·
1508 3919 1569 3967 de

547 4011 646 4058 quo
667 3995 851 4044 albario
879 3998 1051 4052 confer
1075 3998 1311 4056 mulum,
1342 3999 1563 4056 XXXV,

552 4074 891 4133 16311xvl
905 4108 920 4132 ,
947 4076 1011 4122 23
1028 4085 1184 4135 etam
1203 4076 1317 4123 vide
1332 4087 1382 4124 et
1398 4076 1566 4124 Ruhn-

544 4151 659 4200 ken.
686 4153 749 4201 ad
780 4152 1049 4210 Velleium,
1077 4156 1154 4212 ῙῙ,
1180 4170 1242 4200 22
1259 4189 1272 4210 ,
1301 4166 1350 4203 et
1379 4157 1562 4203 Kustn.

1651 2736 1957 2800 pertineret,
1975 2732 2062 2780 sed
2084 2749 2188 2779 non
2211 2732 2539 2788 observatam,
2561 2731 2690 2778 bene
2731 2733 2736 2738 '

1665 2814 1859 2880 monuit
1884 2814 2050 2877 Sigon.
2079 2810 2141 2862 de
2161 2811 2316 2872 iudic-
2339 2813 2416 2869 ΙΙ,
2446 2812 2528 2857 30.

1738 2894 1785 2939 8.
1815 2892 2007 2939 Plebem
2037 2889 2111 2936 ad
2131 2906 2271 2946 suos,
2254 2889 2527 2964 ,principe
2508 2886 2688 3013 'uge-

1661 2972 1769 3031 bis,
1797 2970 1959 3017 studia
1988 2968 2360 3024 inclinaturam,
2396 2983 2481 3014 eos

1664 3050 1755 3114 giis
1784 3049 1885 3098 suis
1911 3047 2136 3096 tribunos
2167 3046 2377 3095 militum
2411 3062 2549 3093 cons.
2574 3054 2681 3109 pot.

1664 3138 1931 3180 creaturam
1957 3126 2009 3176 in
2035 3125 2274 3193 proximis
2301 3125 2530 3182 comitiis.

1734 3206 2069 3255 Cinxxvl.
2100 3220 2142 3250 ι.
2166 3204 2411 3251 Tumultus
2423 3218 2576 3260 causa
2623 3199 2686 3256 'it

1660 3286 1804 3347 hujus
1856 3283 2260 3332 senatusconsulti
2287 3317 2301 3340 ,
2349 3292 2405 3328 ut
2458 3281 2681 3330 consule}

1663 3367 1956 3422 crearentur,
1975 3378 2077 3411 non
2097 3361 2280 3410 tribuni
2297 3360 2400 3410 mil.
2419 3376 2558 3409 cons.
2578 3370 2683 3425 pot:

1662 3445 1740 3498 Do,
1766 3442 1970 3491 manhu
1992 3441 2107 3489 vide
2129 3441 2194 3489 ad
2216 3443 2295 3500 11,
2320 3442 2417 3500 26,
2439 3457 2491 3487 n.
2520 3453 2564 3486 1.

1733 3540 1782 3570 α.
1813 3525 1941 3587 Lege
1960 3532 2162 3569 saerata
2183 3518 2262 3583 (v.
2284 3519 2348 3567 ad
2368 3521 2445 3577 ΙΙ,
2472 3520 2528 3576 8,
2550 3531 2602 3563 ιι.
2625 3517 2681 3574 3;

1660 3603 1878 3664 11,39‚
1904 3618 1953 3648 n.
1982 3602 2039 3659 3,
2065 3611 2115 3652 et
2141 3600 2393 3656 xxxvl,
2420 3594 2550 3660 38),
2571 3610 2685 3658 qua

1662 3680 1884 3729 maz-ima
1901 3679 2041 3744 apud
2053 3695 2132 3732 eos
2153 3677 2231 3725 vis
2247 3675 2478 3741 cogenda
2495 3673 2686 3720 milich

1658 3772 1791 3818 orac,
1819 3761 2076 3809 maximam
2109 3756 2322 3808 habehat
2358 3753 2461 3801 vin
2497 3752 2561 3799 ad
2599 3768 2681 3800 ω-

1653 3842 1863 3907 gmdos,
1888 3858 1972 3888 seu
1991 3834 2278 3885 scribendos
2299 3845 2350 3881 et
2372 3832 2681 3886 conscriben-

1659 3921 1750 3968 ἀοι
1775 3920 1951 3970 milites
1977 3918 2055 3964 vel
2079 3915 2339 3963 exercitus.
2373 3913 2450 3963 Cf.
2479 3906 2584 3961 not.
2615 3910 2681 3969 53

1653 3999 1717 4047 ad
1740 4002 1844 4057 111,
1874 3997 1953 4055 15,
1976 4012 2026 4042 n.
2055 3996 2110 4053 8,
2136 4005 2184 4041 et
2207 3996 2442 4051 xxxu,
2469 4009 2528 4050 α,
2545 4006 2596 4038 ιι.
2615 3997 2679 4050 4.

1653 4079 1782 4130 Hinc
1806 4073 1992 4123 sacrati
2012 4073 2184 4120 milites
2203 4070 2436 4119 dicuntur
2458 4072 2563 4128 nt,
2589 4076 2681 4128 403

1655 4156 1743 4204 sed
1767 4154 1863 4202 alio
1900 4168 2043 4200 sensu
2069 4163 2271 4202 sacrata
2308 4150 2487 4198 militia
2523 4148 2649 4194 VIII
2663 4180 2680 4204 ,
