3000 4717
449 317 501 356 A.
528 314 576 354 G.
602 316 693 360 340.

453 376 507 415 ῃ,
529 380 574 417 c.
601 379 693 422 ω,
824 335 1005 402 LIB.
1047 334 1218 401 VII.
1277 334 1482 401 CAP.
1538 333 1818 400 XXIX.
1871 333 2105 436 XXX.=
2369 325 2506 426 395

399 457 547 528 cilis
585 455 911 540 victoria,
950 453 1202 552 praedae
1244 467 1462 551 atque
1498 454 1740 551 'gloriae
1779 454 1941 551 plus
1983 467 2195 540 esset,
2239 450 2465 524 Tifata
2484 506 2504 541 ,

395 565 850 636 imminentes
867 567 1129 661 Capuae
1156 562 1401 653 colleS‚
1430 588 1660 661 quum
1684 563 2014 661 praesidio
2046 560 2256 632 firmo
2295 587 2508 635 occu-

393 689 683 772 passent
700 729 719 764 ,
745 672 1194 745 descendunt
1228 672 1395 744 inde
1422 674 1776 770 quadrato
1818 673 2144 770 agminel*
2183 673 2256 741 in
2288 671 2510 770 plani·

394 786 609 873 tiem·,
645 808 803 881 quae
849 788 1169 881 Capuam
1211 781 1586 880 Tifataque
1641 784 2014 878 interjacet
2056 807 2071 849 z
2119 779 2220 851 ibi
2258 803 2509 852 rursus

393 895 542 965 acie
596 895 1011 964 dimicatum
1048 920 1062 962 ε
1108 891 1550 990 adversoque
1601 893 1843 992 praelio
1913 889 2260 989 Campani
2322 889 2508 959 intra

392 1006 660 1075 moenia
705 1003 1090 1101 compulsi,
1138 1028 1402 1100 quum,
1441 1002 1706 1075 robore
1750 1004 2148 1100 juventutis
2199 1024 2346 1071 suae
2392 1022 2507 1070 ac-

395 1116 575 1204 ci50‚
613 1114 811 1186 nulla
853 1115 1263 1212 propinqua
1300 1137 1460 1211 spes
1492 1129 1676 1186 esset
1695 1169 1715 1204 ,
1760 1115 1988 1186 coacti
2023 1127 2192 1185 sunt
2226 1109 2322 1183 ab
2344 1115 2507 1182 'Ro-

391 1226 624 1296 manis
663 1238 910 1323 petere
946 1224 1311 1295 auxilium.

487 1340 706 1404 XXX.
728 1335 1001 1430 Legati,
1019 1333 1413 1404 introducti
1434 1334 1510 1401 in
1532 1347 1861 1404 senatum
1885 1333 2191 1403 maxime
2216 1332 2293 1400 in
2316 1328 2504 1400 hanc

392 1446 821 1517 sententiam
852 1445 1137 1541 loquuti
1166 1458 1335 1514 sunt
1364 1471 1378 1513 ε
1418 1474 1452 1508 <c
1478 1443 1800 1541 Populus
1831 1467 1966 1513 nos
1995 1465 2385 1540 campanus
2408 1439 2508 1510 le·

393 1585 427 1620 (ι
459 1569 665 1652 gatos
688 1553 777 1624 ad
805 1578 965 1640 voS,
1001 1559 1244 1625 Patres
1272 1554 1662 1650 conscripti
1681 1564 1734 1640 ¹,
1763 1554 1988 1641 misit3
2022 1551 2399 1622 amicitiam
2433 1551 2508 1619 in

394 1694 429 1729 α
462 1677 892 1761 perpetuum
908 1717 928 1751 ‚
956 1663 1298 1734 auxilium
1322 1687 1632 1760 praesens
1655 1688 1695 1734 a
1711 1662 1917 1735 vobis
1933 1663 2270 1760 petitum:
2289 1683 2508 1757 quam

394 1802 428 1837 «
465 1775 523 1843 si
547 1772 879 1845 secundis
899 1772 1118 1844 rebus
1144 1774 1407 1843 nostris
1436 1774 1896 1871 petissemuS‚
1916 1774 2100 1874 sicut
2121 1785 2356 1868 coepta
2385 1793 2502 1839 ce-

391 1909 427 1948 «
461 1882 677 1954 lerius
696 1937 714 1970 ‚
751 1885 849 1954 ita
885 1883 1276 1955 infirmiore
1313 1883 1606 1954 vinculo
1642 1896 2008 1954 contracta
2047 1896 2232 1954 esset
2270 1908 2284 1949 :
2328 1894 2505 1950 tunc

390 2022 424 2057 «
458 1995 650 2063 enim
668 2047 688 2080 ,
718 2007 801 2063 ut
825 1995 954 2090 qui
978 2018 1067 2064 ex
1090 2018 1300 2091 aequo
1330 2017 1466 2064 nos
1491 1995 1769 2065 venisse
1797 1995 1872 2063 in
1901 1993 2324 2064 amicitiam²
2351 2013 2505 2061 me-

389 2132 425 2169 «
458 2105 945 2193 minissemu5‚
978 2105 1186 2175 amici
1213 2103 1513 2176 forsitan
1541 2106 1810 2203 pariter
1836 2128 1919 2175 ac
1942 2128 2173 2189 nunc,
2201 2099 2507 2195 subjecti

390 2299 442 2329 n.
465 2297 522 2343 9,
544 2295 593 2332 et
612 2286 701 2344 IV,
720 2286 803 2344 31,
827 2302 876 2332 ιι.
898 2287 944 2333 8.
961 2283 1202 2350 —Tifata
1219 2301 1398 2333 nomen

389 2361 571 2408 montis
585 2374 657 2409 est
670 2379 871 2410 numero
883 2363 1057 2427 plurali
1068 2379 1082 2422 ;
1092 2366 1273 2411 XXIII
1284 2400 1298 2423 ,
1316 2365 1399 2423 36,

389 2452 534 2500 super
555 2438 774 2502 Capuam
795 2440 845 2489 in
878 2441 1047 2505 Tisaeae
1076 2442 1286 2490 habebat
1314 2460 1398 2491 ca-

390 2527 509 2562 stra.
541 2516 685 2564 Silius
705 2518 861 2564 Italic.
889 2520 1042 2575 1111,
1074 2534 1200 2580 219,
1234 2520 1398 2585 Tifata

391 2593 649 2658 umbrifero
674 2605 957 2658 generatum
981 2607 1142 2641 monte
1170 2596 1398 2644 Calenum

389 2672 700 2731 Νωνίου-απτ,
724 2672 906 2721 audere
922 2681 1117 2721 crucem.
1134 2676 1226 2721 En.

459 2758 509 2807 4.
534 2750 788 2813 Quadrato
813 2767 925 2798 cum
948 2751 1168 2816 agmine,
1201 2752 1314 2800 vide
1335 2753 1402 2800 ad

384 2832 462 2889 11,
483 2831 515 2878 6
528 2864 543 2888 ,
566 2846 614 2877 n.
634 2829 940 2877 3.—Robore
940 2829 1203 2896 juventutis
1220 2830 1396 2887 acciso,

383 2908 499 2955 ‘vide
527 2909 590 2956 ad
615 2909 715 2966 111,
749 2924 837 2968 10,
864 2925 914 2957 n.
943 2924 992 2972 9.
1021 2935 1087 2945 -—
1111 2909 1398 2972 Propinqua

378 3002 510 3049 spes,
536 2988 569 3033 i.
590 3003 631 3034 e.
649 2987 821 3036 auxilii
836 2987 1129 3052 propinqui,
1149 3003 1175 3034 e
1193 2987 1397 3051 propin-

382 3078 482 3126 quo
504 3064 618 3113 loeo
633 3101 649 3125 ‚
683 3081 712 3113 a
736 3066 913 3113 vicinis
929 3101 943 3125 ,
977 3068 1115 3128 eujus
1139 3065 1396 3130 explendae

380 3141 523 3203 eopia
543 3159 607 3189 ex
624 3144 906 3208 propinquo
925 3144 1285 3193 ostenderetur:
1300 3161 1398 3193 me-

381 3220 600 3284 tonymia
621 3221 803 3281 objecti
826 3223 906 3269 vel
922 3223 1161 3283 materiae3
1187 3224 1358 3271 Bauer.

450 3298 575 3346 Cn.
604 3300 779 3347 XXX.
821 3315 863 3346 1.
899 3303 1071 3348 Patres
1101 3302 1386 3367 conscripti,

379 3376 491 3426 vide
525 3376 589 3423 ad
630 3378 784 3435 II,.1,
813 3393 865 3425 n.
899 3385 977 3433 14.
1016 3379 1195 3427 similis
1233 3381 1391 3429 oratio

378 3454 764 3518 Corcyraeorum,
777 3456 830 3501 in
843 3466 1011 3504 senatu
1021 3457 1390 3508 Atheniensium

378 3532 547 3580 eedem
566 3533 665 3580 fere
688 3545 737 3580 et
760 3533 827 3581 ob
853 3534 1071 3582 eamdem
1093 3551 1284 3583 causam
1308 3555 1391 3602 pe-

376 3611 607 3669 tentium,
634 3612 765 3677 apud
786 3612 1068 3677 Thucydid.
1089 3618 1139 3674 Ι,
1170 3617 1231 3663 32
1247 3649 1261 3672 ,
1293 3617 1386 3675 36,

376 3690 507 3738 unde
534 3690 640 3738 haec
678 3706 902 3754 expressa
936 3707 1040 3739 esse
1072 3693 1171 3752 jam
1197 3696 1389 3744 monuit

378 3769 544 3831 Sigon.
564 3795 632 3805 —
657 3767 916 3816 Auxilium
921 3785 1135 3833 pra-sens
1148 3804 1164 3827 ,
1193 3772 1307 3820 vide
1326 3773 1389 3821 ad

377 3850 476 3905 VI,
506 3863 590 3906 27,
615 3864 667 3895 n.
692 3856 741 3904 4.
768 3874 839 3883 -
864 3849 925 3895 In
947 3847 1064 3895 edit.
1091 3864 1201 3912 quae
1214 3851 1389 3899 Venet.

375 3943 487 3973 ann.
511 3927 639 3989 1592
662 3926 753 3974 sub
776 3926 975 3975 nomine
998 3926 1185 3990 Sigonii
1205 3929 1393 3996 prodiit

373 4004 551 4068 legitur
587 4004 828 4052 auxilium
865 4004 916 4051 in
945 4010 1178 4068 praesens.
1215 4010 1279 4056 Et
1325 4009 1392 4056 ita

375 4082 682 4131 scribendum
704 4098 806 4132 esse
822 4084 1035 4147 conjecit
1056 4085 1274 4137 Perizon.
1293 4087 1391 4136 hoc

1486 2286 1737 2351 adscripto
1758 2286 1855 2333 loc.
1881 2302 1944 2333 ex
1968 2285 2053 2334 lib.
2065 2286 2189 2342 vn,
2225 2285 2307 2343 37,
2331 2282 2503 2330 milites

1486 2364 1672 2428 duplici
1667 2363 1918 2429 frumento
1934 2364 2275 2428 inperpetuum
2286 2396 2304 2419 ,
2323 2361 2509 2424 inprae-

1484 2443 1643 2492 sentia
1667 2443 1865 2508 singulis
1890 2443 2038 2490 bobus
2064 2441 2252 2489 donati.
2274 2440 2353 2488 Sic
2379 2450 2427 2487 et
2451 2439 2507 2486 in

1485 2522 1653 2569 Lovel.
1680 2522 1795 2570 cod.
1824 2538 1852 2568 2
1869 2555 1883 2580 ‚
1919 2533 1968 2569 et
2001 2522 2167 2586 potuit
2200 2517 2505 2567 intercidisse

1484 2600 1542 2649 τὸ
1561 2599 1637 2655 in,
1665 2599 1731 2662 ob
1754 2599 2120 2647 similitudinem
2139 2600 2275 2647 vocis
2292 2595 2504 2663 praecetl.

1486 2676 1894 2739 quemadmodum
1917 2678 2034 2725 alibi
2056 2695 2186 2743 σερε
2206 2679 2403 2726 factum.
2429 2675 2508 2724 Sic

1489 2767 1540 2803 et
1556 2754 1748 2812 Livius,
1767 2757 1843 2812 11,
1867 2763 1930 2811 42
1949 2789 1965 2813 ,
1989 2771 2077 2802 nec
2100 2756 2149 2803 in
2164 2771 2379 2818 proesens
2401 2772 2503 2802 mo-

1489 2832 1579 2888 do,
1615 2832 1704 2879 sed
1731 2832 1879 2879 etiam
1910 2832 1960 2878 in
1997 2832 2267 2879 venientem
2295 2849 2503 2890 annum,

1488 2922 1581 2957 etc.
1609 2910 1753 2957 XLII
1768 2943 1783 2967 ,
1809 2917 1894 2969 47,
1932 2909 2171 2957 interdum
2214 2911 2264 2956 in
2290 2926 2505 2973 proesens

1487 3000 1670 3052 tempus
1693 2988 1808 3051 plus
1834 2988 2013 3055 profici
2045 2989 2187 3045 dolo,
2219 3005 2370 3052 quam
2399 2990 2503 3037 vir·-

1486 3079 1602 3115 tute.
1613 3066 1743 3114 Vide
1761 3066 1822 3114 al.
1837 3066 2135 3125 simitvln,
2162 3083 2210 3127 7;
2228 3079 2276 3115 et
2294 3084 2372 3133 ap.
2394 3068 2500 3117 Cic.

1485 3146 1550 3193 ad
1567 3148 1701 3194 Brut.
1721 3145 1862 3210 epist.
1879 3145 2144 3192 15.Verum
2161 3162 2312 3210 quum
2332 3163 2503 3195 omnes

1481 3224 1568 3272 alii
1591 3223 1737 3273 codd.
1756 3223 1811 3271 in
1835 3224 2017 3271 editam
2035 3224 2152 3272 leet.
2185 3226 2467 3290 conspirent
2483 3259 2500 3282 ,

1481 3319 1587 3350 eam
1600 3302 1840 3351 veriorem
1854 3318 1958 3349 esse
1972 3318 2244 3361 cememus3
2256 3320 2348 3351 nec
2362 3304 2503 3353 aliter

1481 3382 1648 3431 Livius
1663 3417 1677 3441 ,
1706 3380 1951 3429 variandae
1975 3381 2202 3430 lectionis
2229 3398 2369 3429 causa
2385 3416 2400 3441 ,
2425 3383 2500 3431 lo·

1482 3462 1650 3524 quitur
1676 3461 1801 3509 infra
1830 3463 1933 3519 IX,
1967 3461 2029 3521 33
2060 3462 2369 3519 XXXVIII,
2404 3461 2500 3523 393

1480 3539 1639 3598 XLV,
1670 3541 1748 3588 18.
1771 3543 1870 3591 En.

1552 3632 1601 3663 α.
1620 3619 1704 3665 Ex
1720 3635 1862 3683 oequo
1874 3619 1985 3678 jure
2000 3634 2089 3665 nos
2106 3618 2297 3665 venisse
2312 3617 2363 3665 in
2381 3618 2501 3665 ami·

1478 3693 1647 3743 citiam
1660 3730 1676 3752 ,
1724 3708 1781 3745 ut
1823 3698 1923 3745 fere
1966 3713 2108 3761 oequo
2132 3694 2328 3761 federe
2362 3694 2499 3761 (quo

1479 3787 1652 3825 neutra
1673 3791 1786 3839 pm
1812 3775 1951 3822 alteri
1979 3774 2196 3823 obnoxia
2223 3772 2308 3833 fit,
2330 3776 2409 3823 vel
2434 3775 2496 3823 ab

1445 3889 1452 3896 .
1481 3869 1539 3901 ea
1563 3852 1771 3919 pendet,
1797 3850 1969 3917 Doer.)
1988 3853 2151 3901 vivere
2174 3865 2223 3902 et
2249 3869 2371 3913 esse,
2397 3856 2498 3914 11,

1484 3939 1541 3992 4,
1569 3943 1618 3981 et
1644 3947 1742 3991 ao,
1770 3930 1847 3979 vel
1874 3930 2007 3996 apud
2031 3931 2186 3981 Tacit.
2213 3934 2301 3981 vit.
2327 3933 2496 3998 Agr-ic.

1480 4026 1588 4075 cap.
1614 4004 1708 4069 αδ,
1734 4025 1801 4057 eoe
1824 4026 1966 4074 aequo
1993 4025 2140 4075 agere
2164 4011 2286 4060 dicit
2310 4013 2502 4060 Britan-

1479 4104 1595 4151 nos,
1619 4090 1705 4155 qui
1722 4089 1945 4139 nondum
1959 4089 2194 4170 Romanis
2209 4089 2413 4153 subjecti
2427 4100 2501 4138 ac-

1788 4295 1823 4326 δ

1758 4383 1765 4410 l
