3000 4717
2168 334 2221 371 A.
2237 330 2287 369 c.
2314 333 2537 386 374-373,

2169 392 2223 431 U.
2241 394 2289 432 e.
2312 396 2538 449 squ—379.

470 357 608 429 308
1311 357 1391 425 T.
1455 348 1638 425 LIV
1653 356 1732 423 ΙΙ

464 504 693 580 prope
732 475 923 551 diem
960 475 1162 550 domi
1193 477 1510 549 visuram
1555 475 1907 560 honoreS,
1948 490 2132 568 quos
2169 475 2364 570 apud
2401 500 2593 547 soro-

464 616 619 663 rem
665 588 925 660 videat.
979 586 1163 664 Inde
1216 584 1511 658 consilia
1556 586 1738 656 inire
1790 608 1955 654 cum
2013 608 2283 681 genero
2335 586 2585 683 coepit,

464 694 793 768 adhibito
819 700 898 767 L.
920 696 1199 784 Sextio,
1233 709 1537 766 strenuo
1564 692 2057 781 adolescente,
2096 707 2168 763 et
2204 693 2409 788 cujus
2437 697 2588 792 spei

469 806 646 879 nihil
683 820 941 904 praeter
976 829 1203 902 genus
1236 806 1623 903 patricium
1657 803 1957 876 deesset.

557 921 846 989 XXXV.
919 917 1217 986 Occasio
1275 914 1656 986 videbatur
1716 938 1961 987 rerum
1998 925 2019 955 ¹
2088 913 2586 986 novandarum

463 1043 761 1130 propter
786 1029 1155 1125 ingentem
1184 1027 1329 1098 vim
1358 1026 1516 1096 aeris
1544 1025 1799 1112 alieni3
1829 1025 2035 1119 cujus
2070 1024 2396 1096 levamen
2422 1026 2587 1097 mali

461 1138 750 1238 plebeS,
800 1138 936 1209 nisi
986 1138 1132 1208 suis
1180 1138 1258 1210 in
1299 1159 1583 1208 summo
1625 1136 1931 1233 imperio
1978 1134 2260 1224 locatis,
2300 1135 2583 1207 nullum

456 1261 778 1349 speraret
811 1275 825 1316 ε
862 1246 1383 1346 accingendum
1409 1245 1497 1317 ad
1525 1269 1683 1318 eam
1712 1246 2221 1343 cogitationem
2247 1271 2422 1317 esse.
2453 1251 2584 1319 Co-

459 1360 704 1432 nando
753 1359 1183 1458 agendoque
1231 1360 1378 1453 jam
1434 1383 1522 1429 eo
1575 1356 1876 1462 gradum
1924 1354 2189 1434 fecisse,
2221 1356 2543 1453 plebeios
2555 1413 2578 1446 ‚

457 1470 685 1558 unde,
734 1472 793 1542 si
843 1495 1066 1568 porro
1108 1469 1557 1555 adnitantur,
1604 1470 1980 1566 pervenire
2022 1467 2113 1539 ad
2157 1492 2471 1555 summa,
2509 1483 2581 1540 et

454 1578 781 1652 Patribus
812 1581 1078 1675 aequari
1096 1634 1114 1666 ,
1152 1594 1298 1649 tam
1328 1577 1651 1668 honore,
1683 1603 1901 1676 quam
1930 1580 2234 1667 virtute,
2259 1592 2575 1676 possent.

453 1695 539 1761 In
577 1689 952 1786 praesentia
990 1686 1324 1759 tribunos
1359 1687 1595 1785 plebis
1623 1686 1780 1759 fieri
1819 1689 2123 1786 placuit,
2158 1713 2306 1785 quo
2335 1690 2411 1758 in
2440 1713 2581 1758 ma-

452 1800 753 1895 gistratu
790 1794 1077 1867 sibimet
1112 1798 1246 1895 ipsi
1289 1798 1477 1868 viam
1524 1797 1614 1869 ad
1660 1813 1952 1870 caeteros
1988 1795 2303 1870 honores
2346 1800 2580 1896 aperi·

449 1922 653 1978 rent:
691 1909 1058 2005 creatique
1086 1907 1365 1979 tribuni
1399 1915 1478 1980 C.
1501 1910 1828 1980 Licinius
1874 1924 1946 1980 et
1980 1915 2057 1980 L.
2101 1911 2380 1981 Sextius
2412 1935 2577 2008 pro-

448 2021 861 2118 mulgavere
912 2019 1103 2117 leges
1159 2045 1415 2116 omnes
1463 2018 1803 2091 adversus
1847 2045 2022 2117 opes
2070 2022 2575 2117 patriciorum,

450 2145 524 2201 et
573 2155 707 2228 pro
751 2130 1155 2204 commodis
1196 2131 1429 2244 plebis
1478 2157 1493 2199 ε
1554 2155 1774 2201 unam
1821 2129 1912 2200 de
1959 2155 2097 2201 aere
2142 2130 2415 2219 alieno,
2455 2146 2575 2222 ut,

447 2238 765 2311 deducto
813 2266 902 2311 eo
954 2233 1045 2311 de
1097 2237 1371 2352 capite,
1439 2239 1641 2362 quod
1694 2240 1929 2310 usuris
1980 2257 2577 2337 pernumeratum

450 2360 706 2438 esset²‚
727 2349 833 2438 id,
856 2317 1059 2447 quod
1084 2345 1524 2447 superesset,
1544 2349 1857 2474 triennio
1870 2349 2098 2445 aequis
2118 2347 2575 2445 portionibus

915 2481 926 2504 s

444 2530 618 2588 verba,
639 2541 697 2577 ue
705 2529 979 2596 fatentem,
1012 2485 1122 2584 cavia
1139 2543 1240 2582 esse
1264 2543 1465 2576 causam
1553 2528 1732 2576 mentis
1757 2524 1999 2576 adductus
2021 2528 2075 2575 id
2099 2527 2246 2577 faciat
2265 2525 2575 2586 Dodwellus,

444 2607 652 2665 doloris,
678 2620 808 2660 eei-te
828 2621 1074 2674 postrema
1100 2605 1466 2666 causamudolo-

443 2687 537 2745 ris,
578 2687 875 2738 inconcinne
896 2687 1103 2752 repetita
1133 2686 1467 2751 (vidertamen

443 2765 505 2814 ad
524 2770 573 2825 1,
595 2767 651 2826 3,
667 2784 721 2818 n.
739 2768 829 2832 8),
850 2783 877 2815 e
898 2765 1467 2829 margineirrepserunt,

1556 2606 1669 2655 vide
1684 2607 1822 2672 ¹apud
1837 2608 1998 2673 ipsum
2010 2642 2026 2667 ,
2045 2597 2236 2655 dissert.
2261 2609 2315 2655 X
2332 2608 2393 2656 de
2411 2607 2576 2672 Cyclis

1554 2687 1915 2745 Romanorum,
1937 2698 2054 2735 sect.
2085 2687 2168 2734 82.
2191 2688 2282 2734 En.

1628 2782 1677 2814 2.
1696 2766 1913 2826 ,Deducta
1929 2782 1985 2813 eo
1999 2766 2062 2813 de
2072 2764 2254 2831 capite,
2277 2765 2414 2830 quod
2421 2765 2575 2812 usuris
2668 2751 2671 2756 ³

442 2855 493 2894 et
503 2845 599 2910 leg.
622 2861 687 2892 ex
705 2856 946 2894 avertente
957 2878 973 2901 ,
993 2844 1252 2902 scilicetne
1265 2859 1293 2891 a
1304 2854 1468 2908 patre,
1547 2851 1945 2909 pernumeratum
1963 2856 2107 2902 esset,
2136 2844 2250 2891 vide
2267 2845 2330 2892 ad
2352 2860 2458 2908 cap.
2484 2844 2574 2902 15,

440 2935 500 2972 ut
515 2925 853 2976 confusionem
869 2923 1022 2990 animi
1038 2923 1099 2971 ab
1119 2938 1179 2970 eo
1199 2922 1466 2970 occultaret

435 3000 570 3068 (nisi
584 3005 788 3067 jungere
806 3002 945 3052 malis
961 3011 1310 3065 percunctatus
1334 3016 1466 3047 aver-

366 3135 370 3146 ,
442 3091 617 3128 tentem
629 3082 767 3144 sese)
786 3097 988 3129 causam
1002 3079 1183 3127 doloris
1198 3078 1389 3135 elicuit,
1409 3089 1466 3126 ut

441 3175 633 3207 arcana
655 3158 759 3224 ejus
781 3158 945 3218 elicuit
963 3160 1079 3216 XL,
1107 3159 1182 3204 23.
1193 3172 1269 3220 pr.
1287 3167 1348 3204 ‘et
1366 3172 1465 3203 set-

441 3252 632 3285 monem
654 3229 828 3286 elicere
848 3239 951 3295 IX,
973 3239 1023 3285 6.
1335 3269 1344 3276 ·

419 3323 424 3326 “
512 3316 636 3366 Cu.
666 3318 886 3368 XXXV.
921 3332 964 3363 ι.
999 3316 1173 3370 Rerum
1211 3313 1462 3366 novanda,-

439 3413 573 3454 rum‚
596 3396 710 3445 vide
729 3396 795 3444 ad
805 3398 863 3454 -1,
885 3396 948 3442 52
965 3427 983 3454 ‚
1001 3411 1052 3441 ιι.
1069 3410 1112 3441 1.
1127 3392 1464 3457 -Creatique

395 3493 396 3498 ¹
439 3476 621 3524 tn'buni
641 3476 694 3525 C.
716 3474 952 3530 Licinius,
978 3484 1027 3524 et
1045 3474 1097 3520 1..
1120 3473 1313 3522 Sextius
1338 3486 1351 3521 :
1377 3473 1462 3521 hic,

439 3554 724 3608 Dndwellus
757 3563 934 3617 praeter
974 3550 1108 3606 Livii
1127 3563 1338 3612 mentem
1350 3585 1364 3610 ‚
1405 3562 1462 3600 ut

439 3647 692 3699 putamus,
718 3631 805 3680 sed
830 3642 943 3696 apte
970 3630 1036 3678 ad
1065 3631 1278 3680 rationes
1306 3647 1460 3679 anno-

437 3729 547 3770 rum
562 3712 867 3778 sequentium
880 3746 893 3770 ‚
907 3712 1079 3762 inserit
1088 3727 1271 3760 annum
1285 3727 1436 3758 unum
1449 3745 1464 3769 ,

438 3793 520 3840 eui
558 3792 782 3842 trIbunos
813 3791 1059 3842 consulari
1075 3801 1323 3855 -potestate
1344 3790 1460 3838 assi·

439 3880 555 3931 gunt
578 3871 634 3917 L.
654 3870 925 3933 Papirium,
942 3872 997 3917 L.
1016 3870 1301 3917 Menenium
1314 3902 1330 3927 ‚
1357 3870 1458 3918 Ser.

404 3952 409 3960 '
439 3946 736 4010 Sulpicium,
768 3950 905 3996 Serv.
939 3949 1219 3998 Cornelium
1239 3963 1458 4007 ‚memo-

433 4035 567 4070 ratos
588 4040 616 4069 a
634 4024 859 4072 Diodoro
877 4026 939 4073 ad
959 4022 1455 4088 annum-olympiadis

435 4102 552 4152 0111
589 4100 815 4163 primum.
852 4103 1042 4163 Quibus
1081 4104 1324 4163 rationum
1349 4118 1453 4152 mo·

1553 2939 1605 2973 n.
1624 2939 1670 2983 7.
1689 2923 1897 2984 Bachius
1910 2922 1964 2969 in
1978 2923 2094 2971 hist.
2107 2924 2308 2988 jurispr.
2327 2925 2471 2970 Rom.
2484 2922 2571 2971 lib.

1553 3004 1633 3058 11,
1658 3017 1704 3048 c.
1725 3016 1753 3048 2
1773 3034 1788 3058 ,
1811 3000 1844 3065 S
1873 3016 1964 3058 10,
1990 3001 2097 3049 haec
2115 3003 2341 3051 notavit:
2366 3024 2390 3045 ιι
2409 3002 2572 3065 Atque

1552 3079 1661 3127 haec
1680 3078 1902 3142 quidem,
1929 3092 2044 3143 post
2069 3083 2173 3127 ΧΠ
2200 3080 2491 3129 Tabularum
2515 3097 2571 3129 en

1555 3158 1615 3205 de
1634 3174 1701 3204 -re
1716 3169 1877 3223 vcapm
1890 3193 1905 3217 ,
1940 3158 2099 3224 prima
2128 3171 2201 3207 est
2229 3160 2313 3206 lex
2333 3160 2570 3220 fenebris,

1553 3253 1722 3300 quam,
1740 3237 1794 3284 in
1810 3238 2006 3286 assiduo
2023 3238 2212 3286 fenebri
2223 3237 2350 3286 malo
2367 3240 2571 3302 aerisque

1549 3315 1697 3363 alieni
1718 3317 2027 3376 necessitate,
2052 3317 2216 3382 plures
2234 3318 2340 3366 aliae
2353 3330 2571 3382 sequutae

1551 3405 1665 3441 sunt
1702 3394 1845 3459 (vide
1871 3397 1986 3444 Tac.
2016 3399 2148 3444 Ann.
2165 3400 2258 3455 VI,
2291 3397 2399 3461 16).
2435 3399 2570 3459 Quas

1549 3484 1649 3522 tam
1669 3474 1842 3524 multas
1862 3473 1922 3521 de
1941 3474 2109 3522 eadem
2128 3491 2179 3523 re
2196 3475 2327 3539 leges
2339 3476 2449 3539 quis
2468 3491 2569 3523 cre-

1550 3552 1634 3600 dat
1654 3553 1942 3601 necessarias
1959 3554 2139 3602 fuisse?
2170 3554 2363 3602 Scilicet
2398 3565 2567 3602 tenen·

1550 3631 1666 3681 dum
1708 3632 1805 3682 boc
1846 3644 1918 3680 est
1932 3668 1948 3692 ‚
1992 3633 2208 3682 fraudem
2243 3634 2568 3692 feneratorum

1548 3711 1841 3775 multiplices
1855 3712 1955 3758 vias
1964 3712 2205 3760 invenisse
2219 3713 2567 3760 eludendarum

1548 3789 1737 3853 legum,
1765 3806 1812 3837 v.
1845 3806 1887 3837 c.
1912 3790 2248 3855 chirographIs
2274 3802 2567 3855 atquecon-

1549 3869 1862 3920 ventionibus
1888 3871 2040 3930 majus
2077 3870 2216 3917 fenus
2257 3871 2351 3917 sibi
2391 3882 2564 3935 pactos
2666 3905 2685 3917 .

1549 3962 1670 4004 esse,
1695 3958 1789 3995 etc.
1814 3969 1838 3989 n
1878 3948 2061 3996 Confer
2082 3949 2146 3996 ad
2169 3950 2291 4008 VII,
2325 3952 2413 4008 16,
2436 3966 2486 3998 n.
2516 3965 2563 3996 1.

1544 4049 1615 4060 —
1647 4025 1869 4104 Triennio
1890 4027 2041 4091 eequis
2050 4028 2357 4091 porcionibus
2372 4029 2560 4094 persol-

1546 4114 1756 4163 vemat,-
1777 4105 1946 4154 confer
1969 4106 2033 4156 ad
2057 4109 2239 4167 XXX,
2267 4108 2328 4168 37
2343 4141 2358 4166 ,
2382 4124 2430 4155 n.
2456 4123 2506 4153 α».
