3000 4717
1216 354 1537 426 LIBER
1596 356 1731 424 VI.
2309 417 2317 427 .
2399 352 2535 425 235

492 470 777 533 delectum
806 498 819 531 :
862 493 1051 551 neque
1092 474 1250 533 aliud
1300 474 1373 532 ad
1414 475 1754 533 seditionem
1807 475 2281 552 exstinguendam
2294 519 2310 548 ,
2361 495 2536 554 qnam

490 587 677 646 prope
704 569 928 626 illatum
959 566 1107 627 Urbi
1140 565 1358 634 beilum
1372 610 1389 639 ‚
1423 568 1592 625 valet.
1618 595 1699 613 --
1718 570 2011 637 xxvn13
2034 567 2296 625 Dictator
2324 567 2538 625 dieitur

490 663 561 719 Τ.
593 660 865 733 Quintius
899 660 1300 731 Cincinnatus,
1342 672 1402 718 et
1430 660 1736 717 confiestim'
1766 660 1970 717 hostes
1991 678 2031 716 a
2059 660 2347 718 moenibus
2371 680 2537 720 rece-

489 750 992 824 dunt—XXIX}
1015 752 1352 810 Praenestini
1391 753 1464 811 ad
1501 753 1712 811 Alliam
1747 753 2080 823 vincuntur,
2113 754 2534 831 capinnmrque

489 861 692 902 eornm
716 863 927 904 novem
954 846 1202 924 oppida:
1232 835 1484 904 dictator
1504 847 1848 925 triumphat,
1868 847 2212 924 signumque
2234 848 2400 905 sovis-
2415 852 2536 904 Im-

486 942 801 1017 peratoris,
822 948 1109 1001 Praeneste
1133 942 1467 1015 devectum,
1493 944 1557 1000 in
1576 943 1926 1022 Capit-ofiani
1951 943 2372 1019 fert.5—-XXX;
2395 946 2540 999 Tres

487 1032 704 1093 tribuni
734 1035 898 1094 milit.
933 1053 1089 1093 cons.
1118 1047 1241 1113 pot.
1267 1051 1338 1094 ex
1369 1034 1640 1094 Patribus
1670 1048 1731 1093 et
1761 1035 2007 1096 tondere
2031 1053 2105 1092 ex
2132 1031 2304 1111 plebe
2331 1047 2539 1091 erean-

485 1137 599 1183 tnr.
623 1128 818 1186 Volsci
840 1127 1142 1206 provincia
1168 1128 1290 1186 sine
1318 1140 1473 1186 sorte
1496 1141 1559 1186 et
1578 1127 2036 1206 comparatione,
2060 1138 2224 1184 extra
2246 1123 2540 1197 ordinem,

484 1217 659 1277 datur
686 1227 748 1279 P.
774 1234 832 1279 et
862 1226 926 1281 C.
955 1221 1219 1279 Manliis:
1250 1239 1459 1299 resque
1484 1221 1605 1293 ibi,
1632 1222 1953 1280 temeritate
1985 1232 2042 1276 et
2071 1219 2301 1276 inscitia·
2325 1218 2538 1275 ducum

483 1299 760 1388 proditae,
801 1313 1049 1372 militum
1092 1315 1308 1372 virtute
1352 1311 1751 1371 restituuntur.
1778 1345 1855 1357 --
1870 1315 2112 1383 xxx1;
2147 1316 2249 1369 ΕΒ
2284 1311 2534 1369 alienum

484 1406 725 1463 materia
744 1418 803 1463 et
819 1421 991 1464 causa
1004 1406 1338 1464 seditionis:
1365 1408 1488 1484 agri
1499 1408 1843 1465 Volsca-mn
1859 1416 2175 1464 vastantur.
2188 1406 2534 1473 -xxxlh

481 1502 536 1556 N
536 1517 714 1556 ovum
752 1499 922 1556 fenus
950 1500 1314 1557 contrahitur
1351 1499 1571 1557 tributo
1601 1500 1662 1557 in
1694 1515 1923 1557 murum
1950 1515 2091 1556 saxo
2124 1497 2411 1574 quadrato
2441 1497 2534 1554 fa-

478 1588 780 1661 ciendum,
811 1604 871 1648 et
897 1603 1133 1668 optatur
1160 1592 1403 1662 frustra,
1437 1604 1505 1649 ut
1518 1592 1614 1669 jus
1642 1592 1717 1650 de
1748 1592 1995 1670 pecnnia
2021 1589 2245 1648 eredita·
2266 1589 2529 1647 dicatur:

481 1681 673 1738 Latini
692 1682 1008 1758 Volscique
1037 1683 1360 1741 funduntur
1382 1684 1456 1742 ad
1483 1686 1765 1744 Satricum
1795 1697 1853 1742 et
1875 1684 2130 1742 Antium.
2147 1711 2221 1726 -·-
2235 1685 2534 1753 xxxm3

481 1773 745 1831 Antiates
779 1775 1109 1833 societatem
1145 1793 1274 1834 cum
1311 1777 1530 1835 Latinis
1557 1777 1905 1851 dissolvunt3
1929 1790 1987 1835 et
2011 1773 2291 1835 Romanis
2315 1774 2536 1832 dedunt

481 1862 686 1922 urbem
711 1883 1025 1944 agrosque:
1057 1868 1244 1926 Latini
1269 1869 1552 1928 satricum
1581 1882 1952 1929 concremant·
1970 1870 2115 1948 igni,
2141 1883 2200 1926 et
2217 1869 2535 1927 Tuseuium

481 1957 718 2035 capiunt
743 1972 959 2036 praeter
988 1977 1178 2018 arcem
1206 1984 1219 2018 τ
1249 1961 1354 2019 sed
1379 1979 1515 2021 mox
1551 1984 1585 2021 a
1610 1963 1887 2022 Romanis
1917 1962 2216 2021 caeduntur
2248 1962 2325 2019 ad
2353 1977 2533 2018 unum

473 2069 695 2109 omnes.
710 2055 1081 2125 —XXXIV3
1104 2059 1173 2112 In
1193 2054 1353 2114 Urbe
1372 2057 1578 2114 crescit
1596 2057 1658 2114 in
1676 2057 1798 2115 dies
1821 2056 1911 2114 vis
1931 2050 2169 2115 Patrem
2189 2054 2533 2130 miseriaque

474 2142 689 2221 plebis,
714 2145 865 2203 fama
886 2159 944 2203 et
967 2166 1216 2226 corpore
1241 2148 1626 2207 creditoribus
1650 2150 2046 2208 satisfacientis
2075 2174 2087 2208 :
2118 2147 2218 2206 sed
2241 2166 2422 2225 parva
2439 2166 2532 2204 res

473 2234 764 2313 ingentem
800 2240 1076 2297 moliendi
1119 2262 1291 2300 causa
1325 2244 1407 2301 fit.
1457 2243 1636 2302 Fabia
1676 2246 1890 2317 minor,
1929 2250 2010 2302 M.
2054 2242 2219 2302 Fabii
2259 2239 2529 2300 Ambusti

475 2326 621 2399 filia,
655 2349 896 2390 maerore
927 2331 1226 2411 affligitur,
1257 2336 1414 2414 quod
1448 2338 1574 2415 ipsa
1609 2341 1671 2397 C.
1711 2337 1935 2396 Licinio
1968 2337 2222 2407 Stoloni,
2244 2335 2372 2392 viro
2403 2334 2531 2411 ple-

475 2416 635 2489 bein,
667 2441 833 2480 soror
864 2438 1056 2483 autem
1090 2430 1213 2485 Ser.
1249 2429 1539 2508 sulpicio,
1570 2430 1816 2509 patricio
1843 2439 1901 2488 et
1926 2428 2057 2487 trib.
2084 2427 2204 2486 mil.
2227 2443 2382 2485 cons.
2403 2435 2526 2503 pot.

475 2524 657 2588 nupta
691 2527 777 2571 est
797 2537 819 2571 :2
839 2529 1007 2593 pater
1040 2518 1222 2578 filiam-
1251 2524 1600 2593 consolatur,
1629 2525 1980 2601 consiliaque
2011 2524 2119 2581 'mit
2150 2539 2280 2580 cum
2316 2535 2530 2597 genero
2573 2527 2581 2536 “

477 2616 535 2660 et
562 2609 627 2662 L.
660 2608 876 2665 Sextio,
900 2639 978 2653 --
995 2614 1255 2682 XXXV3
1282 2616 1360 2670 Hi
1384 2628 1656 2674 creantur
1683 2616 1902 2675 tribuni
1925 2616 2143 2694 plebis3
2176 2627 2235 2672 et
2264 2603 2531 2691 promul—

472 2710 612 2773 gant
638 2698 791 2775 leges
825 2700 898 2757 de
929 2720 1045 2757 aere
1080 2703 1296 2774 aliene,
1323 2703 1395 2761 de
1419 2707 1596 2764 modo
1626 2694 1928 2784 agrorum,
1955 2728 2029 2765 ne
2053 2709 2179 2785 quis
2208 2708 2345 2783 plns
2367 2705 2532 2782 quin-

473 2801 643 2865 genta
658 2790 862 2868 jugera
887 2792 1008 2870 agri
1037 2794 1392 2870 possideret,
1424 2810 1481 2854 et
1506 2797 1579 2855 de
1611 2800 1883 2870 comitiis,
1919 2820 1991 2857 ne
2018 2799 2384 2856 tribunorum
2412 2797 2528 2854 mi-

472 2880 638 2940 litum
670 2883 901 2943 comitia
925 2883 1065 2944 fiant
1086 2931 1101 2958 ,
1139 2890 1555 2967 consulumque
1580 2890 1779 2968 utique
1812 2889 1957 2947 alter
1983 2911 2056 2947 ex
2079 2887 2250 2966 plebe
2280 2899 2528 2946 creetur.

469 2977 670 3033 Patres
710 2976 985 3037 adversus
1030 2980 1354 3040 tribunitiae.
1398 2984 1729 3061 rogationes
1771 2997 2113 3062 comparant
2140 2979 2425 3058 cosse-gas:
2472 2987 2531 3038 et

472 3067 724 3127 Licinius
746 3074 1118 3150 Sextiusque,
1146 3074 1363 3134 tribuni
1383 3076 1572 3155 piebis
1589 3078 1798 3157 saepius
1815 3075 2016 3135 refecti
2028 3113 2047 3144 ‚
2068 3091 2175 3154 per
2197 3074 2532 3153 quinquen-

474 3158 633 3216 nium
672 3163 861 3221 nullos
898 3167 1126 3224 curules
1159 3168 1523 3246 magistratus
1564 3171 1748 3228 creari
1786 3171 2102 3249 patiuntur.
2133 3203 2206 3213 -
2232 3171 2528 3240 XXXV13

473 3253 759 3309 Octavum
786 3256 1003 3314 tribuni
1032 3260 1115 3335 pl.
1134 3261 1474 3320 reficiuntur
1499 3263 1715 3321 latores
1734 3264 1927 3341 legum
1942 3305 1958 3334 ,
1989 3274 2047 3320 et
2068 3263 2236 3321 simul
2261 3261 2528 3320 tribunus

474 3340 635 3398 milit.
666 3363 821 3402 cons.
849 3362 968 3423 pot.
991 3365 1222 3409 creatur
1246 3355 1332 3414 M.‘
1352 3354 1565 3412 Fabius
1594 3355 1942 3428 Ambustus,
1969 3368 2170 3413 auctor
2195 3354 2529 3412 earfflndem

470 3430 662 3509 legum
688 3448 745 3492 et
763 3436 883 3512 jam
912 3460 1130 3501 suasor.
1150 3449 1564 3518 —xxxvm
1591 3447 1984 3507 Tribunorum
2008 3450 2084 3526 pl.
2114 3448 2405 3506 orationes
2419 3490 2436 3518 ,
2470 3459 2528 3503 et

472 3544 625 3583 nova
649 3531 870 3605 rogatio
884 3575 898 3600 ,
919 3546 983 3589 ut
1005 3555 1115 3611 pro
1137 3533 1459 3598 duumviris
1483 3542 1661 3599 sacris
1690 3541 1964 3602 faciendis
1988 3537 2301 3602 decemviri
2324 3560 2527 3598 creen-

473 3628 585 3689 tur,
614 3632 670 3676 et
696 3641 831 3698 pars
858 3644 930 3681 ex
947 3626 1146 3704 plebe,
1171 3650 1307 3707 pars
1335 3652 1406 3690 ex
1429 3634 1701 3693 Patribus
1729 3637 1846 3695 fiat.
1862 3640 2304 3708 -XXXV1H3
2324 3641 2524 3693 Patres

471 3712 684 3789 trepidi
728 3715 800 3774 ad
838 3716 958 3774 duo
997 3720 1198 3778 ultima
1235 3724 1476 3797 auxilia,
1507 3745 1796 3788 summu-m
1838 3729 2146 3806 imperinm
2189 3749 2255 3786 ac
2299 3727 2483 3786 civem
2504 3771 2525 3801 ,

466 3803 786 3865 decurrunt
814 3830 827 3864 :
864 3809 1115 3871 dictator
1154 3828 1422 3891 quartum
1462 3818 1687 3877 dicitur·
1704 3825 1787 3878 Μ.
1829 3821 2039 3879 Furius
2081 3820 2354 3880 Candidus
2369 3864 2385 3893 ,
2418 3822 2522 3899 qui

466 3897 633 3956 minis
661 3900 819 3977 plebi
842 3902 1048 3961 incutit
1068 3917 1377 3981 terrorem,
1403 3908 1504 3969 sed
1530 3909 1777 3969 ducibus
1800 3913 1923 3990 ejus
1952 3913 2180 3971 animos
2197 3913 2397 3992 potius
2419 3933 2522 3973 ac·-

467 3991 687 4064 cendit,
721 4006 812 4065 et,
851 4016 911 4052 re
945 4012 1158 4058 neutro
1184 4000 1485 4076 inclinata,
1519 4005 1855 4081 magi-stratu
1895 4026 1956 4065 se
2001 4006 2230 4067 abdicat
2251 4054 2267 4080 ‚
2310 4023 2525 4088 putans

468 4086 642 4157 forte,
672 4109 731 4145 se
769 4089 910 4147 vitio
944 4108 1199 4152 creatum
1235 4116 1356 4155 esse
1382 4120 1396 4155 ε
1430 4100 1480 4156 ei
1518 4100 1801 4159 sufficitur
1835 4103 2126 4182 extemplo
2155 4109 2215 4162 P.
2247 4104 2518 4163 Manlius,

449 4183 853 4274 .'‘XXX1X³
880 4189 938 4242 Is
967 4190 1027 4244 C.
1056 4189 1338 4249 Licinium
1357 4234 1373 4263 ,
1403 4193 1506 4269 qui
1533 4192 1800 4254 tribunus
1827 4195 1947 4255 mil.
1973 4216 2130 4256 conS.
2160 4211 2281 4275 pot.
2306 4198 2519 4269 fuerat,

1149 4354 1176 4382 ἡ
