3000 4717
420 357 468 403 A.
496 363 544 403 e.
572 362 665 410 436.

420 423 473 464 U.
499 425 547 463 C.
574 425 666 465 316.

799 384 1116 451 LIBER
1165 383 1298 448 IV.
1353 381 1569 449 CAP.
1623 383 1792 451 XV.
1840 385 2041 450 XVI.

2388 379 2477 452 35

365 512 505 578 nisi
524 523 708 578 tecta
719 512 1214 605 parietesque,
1242 509 1429 574 intra
1464 525 1631 600 qaae
1653 519 1927 604 tantum
1954 511 2288 574 amentia>
2320 523 2484 574 con-

364 632 647 715 ceptum
693 633 904 705 esset,
946 617 1459 713 dzlsszparentur
1475 643 1501 703 ,·
1540 614 1905 713 bonaque,
1940 631 2270 687 contacta
2307 637 2486 714 pre-

364 735 475 798 tiis
495 736 699 827 regni
709 721 1084 801 mercandi
1089 783 1109 815 ,
1125 725 1686 824 publicarentur.
1707 726 1966 797 Iubere
1982 733 2251 825 itaque,
2268 747 2487 822 qaaes-

365 856 552 912 tores
579 838 930 912 vendere⁸
953 863 1040 912 ea
1072 841 1265 911 bona
1283 894 1302 924 ,
1339 848 1558 937 atque
1584 845 1656 910 in
1680 836 2059 937 publicum
2091 838 2430 932 redigere.
2463 845 2466 850 ’

460 956 649 1023 XVI.
678 958 995 1024 Domum
1025 951 1284 1024 deinde
1302 1007 1322 1040 ,
1353 965 1433 1021 ut
1465 952 1917 1022 monimento
1947 975 2109 1022 area
2136 964 2320 1021 esset
2352 974 2488 1048 op-

363 1085 621 1159 pressae
664 1063 948 1136 nefariae
985 1064 1171 1161 spei,
1210 1062 1401 1133 dirui
1438 1063 1803 1160 extemplo
1836 1063 2046 1158 jussit
2080 1088 2095 1130 :
2139 1060 2213 1130 id
2242 1062 2489 1157 AEqui-

361 1173 676 1244 maelium
706 1183 729 1217 ¹
781 1176 1220 1274 appellatum
1260 1190 1388 1248 est.
1432 1180 1513 1245 L.
1563 1177 1971 1247 Minucius²
2001 1175 2192 1247 bove
2238 1190 2489 1246 aurato

364 1295 566 1354 extra
601 1300 885 1382 portam
922 1288 1400 1383 Trigeminam
1436 1298 1545 1355 est
1581 1284 1893 1355 donatus
1911 1341 1931 1374 ‚
1964 1307 2057 1356 ne
2092 1283 2304 1382 plebe
2341 1285 2492 1381 qui-

362 1480 435 1512 so.
467 1466 690 1514 Monstra
707 1466 938 1516 dicuntur
957 1482 1127 1514 omnes
1150 1482 1227 1513 res
1251 1466 1383 1512 inso-

361 1544 460 1592 litae
480 1556 529 1593 et
546 1557 843 1609 portentosae
855 1581 870 1604 ‚
890 1546 965 1593 vel
983 1561 1091 1612 quae
1108 1555 1285 1607 praeter
1302 1558 1385 1587 na·

362 1631 519 1672 turam
544 1623 767 1674 flunt.—-
782 1624 1048 1679 Contacta,
1077 1619 1192 1669 vide
1218 1620 1282 1670 ad
1306 1621 1380 1679 11,

364 1703 415 1762 5,
440 1721 490 1751 n.
522 1701 570 1752 3.
597 1763 602 1769 Ω

435 1784 488 1830 8.
522 1783 738 1829 Vendere
755 1797 817 1828 ea
839 1781 969 1828 bona
988 1790 1137 1842 atque
1155 1778 1203 1825 in
1217 1778 1382 1844 publi-

363 1875 496 1917 cum,
529 1862 781 1920 aerarium,
808 1860 1052 1925 redigere,
1086 1859 1137 1906 h.
1162 1876 1205 1907 e.
1233 1874 1380 1924 pecu-

360 1940 494 1987 ssim
531 1955 560 1988 ο
599 1941 811 1988 venditis
846 1940 990 1987 honis
1026 1939 1297 1998 redactam,
1326 1950 1382 1987 ut

362 2019 492 2067 bona
508 2020 664 2083 petita
687 2019 737 2067 in
743 2018 928 2087 fiscum
950 2018 1083 2084 apud
1108 2020 1224 2067 Tac.
1248 2021 1380 2067 Ann-

362 2099 435 2157 11,
465 2100 548 2155 48.
573 2098 756 2146 Confer
778 2093 841 2145 ad
861 2100 938 2155 ΙΙ,
970 2114 1026 2160 9,
1053 2115 1104 2145 n.
1133 2106 1181 2153 4.

430 2171 555 2226 Car.
588 2169 729 2227 XVI.
765 2193 808 2225 1.
845 2175 1208 2240 AEquimaelium
1242 2175 1381 2224 loeus

361 2271 520 2321 prope
550 2258 850 2321 Capitolium
875 2268 924 2306 et
949 2257 1041 2306 sub
1063 2272 1124 2305 eo
1137 2291 1152 2316 ,
1185 2254 1240 2303 in
1267 2260 1380 2304 vieo

359 2336 563 2400 :Iugario
598 2335 744 2401 (vide
782 2338 977 2396 XXIV,
1005 2344 1091 2397 47,
1129 2347 1178 2382 et
1210 2336 1379 2388 XXV,

365 2411 394 2461 3
404 2414 468 2477 1),
486 2415 556 2463 sic
573 2414 733 2463 dietus
744 2450 759 2475 ,
775 2415 909 2480 quod
924 2416 993 2463 ibi
1007 2416 1115 2463 solo
1131 2425 1204 2462 est
1216 2430 1380 2478 oequa-

362 2499 417 2539 m
433 2493 590 2541 Marii
605 2494 795 2542 domus.
820 2496 964 2544 Conf.
990 2495 1094 2544 cic.
1116 2507 1210 2559 pro
1230 2492 1379 2542 domo

362 2572 670 2632 XXXVII13
692 2585 741 2620 et
767 2572 828 2621 de
846 2575 961 2621 Div.
983 2577 1060 2633 11,
1088 2589 1168 2634 17.

432 2667 481 2698 2.
505 2653 562 2697 L.
582 2650 823 2697 Minucius
841 2651 956 2697 bove
974 2663 1151 2698 aurato
1171 2651 1380 2698 donatus

362 2742 454 2788 est,
479 2730 532 2778 h.
574 2745 617 2778 e.
655 2728 787 2778 hove
825 2745 951 2776 aereo
987 2745 1142 2792 eoque
1182 2741 1351 2776 aurato
1366 2764 1383 2788 ,

360 2810 495 2876 quod
513 2810 869 2858 monimentum
891 2819 993 2856 erat
1006 2842 1021 2867 ,
1049 2819 1104 2855 ut
1123 2819 1172 2855 et
1187 2818 1378 2864 statua,

359 2905 503 2952 quam
516 2888 677 2937 eidem
687 2889 912 2936 Minucio
924 2898 1273 2952 exer-aponum
1288 2885 1387 2933 Tri-

354 2968 604 3032 geminam
641 2983 675 3014 a
705 2966 894 3032 populo
920 2965 1042 3030 stipe
1072 2965 1255 3012 collata
1284 2976 1385 3012 sea-

361 3055 519 3094 tutam
550 3062 650 3094 esse
681 3046 829 3095 tradit
860 3046 987 3094 Plin.
1012 3045 1214 3102 XVIII,
1240 3045 1269 3092 3
1298 3059 1385 3092 seu

366 3133 424 3185 43
455 3137 506 3173 et
532 3126 778 3185 XXXIV,
804 3125 833 3172 5
867 3141 952 3172 seu
979 3141 1000 3171 1
1016 3139 1066 3173 1:
1095 3140 1202 3188 quae
1226 3134 1384 3172 statua

364 3218 592 3268 expressa
617 3205 671 3252 in
695 3206 905 3252 nummis
927 3204 1060 3269 apud
1084 3204 1241 3251 Patin.
1269 3219 1381 3268 pag.

371 3297 496 3343 179,
522 3294 571 3331 et
588 3283 736 3331 Liebe
755 3284 807 3330 in
834 3283 997 3331 Gotha
1015 3283 1311 3341 nummaria,
1328 3299 1381 3346 p.

365 3359 466 3407 233
491 3360 551 3406 al.
571 3361 702 3408 unde
718 3362 933 3410 Chrieus
952 3361 1273 3422 conjiciebat,
1292 3373 1383 3409 sta-

364 3450 499 3487 tum
515 3438 643 3485 hane
655 3439 800 3487 fuisse
814 3441 1122 3488 simulacrum
1135 3441 1279 3488 bovis
1298 3440 1379 3487 de-

364 3529 613 3575 auratum,
642 3517 729 3563 sed
762 3519 837 3563 vir
869 3519 1044 3567 doetus
1078 3520 1131 3566 in
1172 3519 1381 3567 ΜίοοοΠ.

363 3597 508 3645 Obss.
534 3607 573 3645 t.
600 3611 650 3653 v,
671 3611 722 3659 p.
750 3609 852 3642 210
871 3612 944 3657 sq.
967 3608 1082 3659 post
1098 3609 1277 3646 aurato
1297 3614 1382 3645 ex-

363 3676 541 3723 cidisse
558 3674 708 3722 verba
726 3684 775 3721 et
789 3683 971 3720 statua.
988 3676 1089 3721 Alii
1102 3676 1151 3723 h.
1165 3676 1199 3722 1.
1217 3676 1383 3739 legen-

363 3754 483 3802 deum
503 3763 678 3817 putant
704 3753 819 3800 bove
844 3762 1068 3808 aratore,
1089 3754 1198 3800 soil:
1213 3765 1385 3801 arato-

362 3833 438 3881 rio
448 3867 464 3889 ,
487 3832 566 3879 vel
584 3832 698 3878 bove
715 3842 881 3888 tauro,
908 3831 986 3879 vel
1004 3830 1129 3879 binis
1144 3830 1254 3879 aeris
1262 3865 1281 3889 ,
1305 3834 1384 3883 vel

350 3913 479 3972 ,bove
499 3923 550 3959 et
569 3926 716 3976 agm,
745 3927 830 3958 seu
853 3927 1003 3969 auro,
1025 3927 1110 3959 seu
1134 3926 1277 3966 arvo,
1300 3927 1385 3959 seu

363 4007 426 4039 ae
441 4003 606 4056 prato.
638 3993 781 4039 Forte
804 4002 966 4039 tamen
991 3991 1076 4039 bos
1101 4000 1305 4038 auratus
1330 3991 1379 4039 h.

362 4070 396 4119 1.
422 4082 479 4119 ut
499 4069 668 4127 XXV,
699 4086 755 4139 ¹².
773 4103 789 4128 ‚
805 4083 878 4118 est
904 4071 996 4119 bos
1021 4071 1201 4120 auratis
1227 4071 1385 4118 corni-

365 4148 458 4197 bus
475 4149 560 4217 (ut
575 4151 674 4197 vn
685 4183 701 4210 ,
721 4152 782 4211 37
797 4163 816 4211 3
829 4161 879 4199 et
901 4151 1001 4199 fere
1023 4150 1194 4200 aurati
1212 4149 1384 4198 milites

1470 1465 1571 1520 IX,
1594 1470 1685 1521 4ο,
1707 1480 1757 1509 n.
1780 1462 1856 1526 5),
1878 1479 1981 1510 non
2000 1480 2117 1512 vero
2140 1465 2409 1514 destinatus
2426 1467 2490 1515 ad

1470 1539 1762 1588 sacrificium
1775 1559 1803 1589 a
1817 1542 2059 1601 Minucio,
2073 1554 2156 1590 aut
2174 1545 2277 1604 ejus
2291 1546 2490 1594 nomine

1468 1615 1769 1679 faciendum,
1795 1620 1881 1667 sed
1908 1622 2162 1685 praemium
2192 1623 2388 1671 viantis
2419 1626 2491 1672 vi·

1469 1711 1731 1763 roi-nmque
1766 1700 1828 1747 de
1862 1701 2114 1765 republica
2145 1701 2270 1748 bene
2296 1703 2492 1751 merito·-

1468 1795 1595 1837 rum,
1612 1795 1735 1842 quos
1747 1779 1826 1826 vel
1840 1779 2005 1828 multis
2019 1780 2178 1828 bobus
2188 1814 2203 1837 ,
2219 1781 2295 1828 vel
2310 1781 2492 1831 eximio
2569 1823 2574 1827 .

1469 1857 1683 1921 quodam
1707 1859 1846 1918 albo,
1864 1861 2032 1925 opimo
2055 1871 2104 1908 et
2129 1861 2307 1908 auratis
2331 1862 2493 1908 comi-

1467 1933 1563 1985 bus
1586 1938 1796 1986 donatos
1817 1938 2023 2002 legimus
2039 1941 2169 1997 VII,
2199 1941 2292 1998 αδ,
2316 1953 2367 1988 ιι.
2398 1941 2490 2003 375

1470 2028 1520 2064 et
1547 2018 1720 2065 XXVI
1737 2052 1751 2077 ,
1781 2019 1845 2074 48
1873 2030 1998 2068 extr.
2026 2031 2081 2067 ut
2107 2020 2281 2067 heroes
2307 2021 2491 2067 Home·

1470 2096 1585 2143 ricis
1599 2095 1901 2160 temporibus
1912 2132 1927 2156 ‚
1945 2097 2123 2161 quibus
2138 2114 2309 2146 census
2324 2110 2426 2146 erat
2438 2099 2493 2146 in

1468 2174 1769 2240 pecudibue3
1788 2173 1920 2224 unde
1937 2177 2073 2224 exiis
2092 2187 2140 2225 et
2158 2176 2357 2241 praemia
2375 2189 2492 2241 pro-

1468 2254 1592 2319 poni
1618 2255 1863 2313 solebant,
1882 2267 1932 2304 et
1953 2257 2149 2304 muletoe
2169 2256 2389 2320 irrogari.
2410 2256 2486 2305 Cf.

1470 2334 1597 2381 Plin.
1616 2335 1873 2391 XXXIII,
1901 2352 1929 2381 a
1947 2370 1962 2395 ,
1988 2346 2037 2383 et
2060 2338 2228 2400 Intpp.
2252 2337 2401 2384 Hom.
2427 2336 2488 2392 ΙΙ,

1471 2411 1530 2477 β,
1556 2420 1658 2476 449
1675 2448 1690 2472 ,
1718 2424 1766 2461 et
1789 2413 1841 2472 ζ,
1864 2413 1985 2462 236.
2003 2414 2086 2462 Ad
2107 2413 2401 2463 sacrificium
2419 2419 2493 2463 τί·

1469 2505 1583 2539 men
1624 2503 1813 2557 spectat
1850 2493 1987 2542 loeus
2027 2496 2207 2554 XXV,
2241 2509 2300 2542 η
2345 2494 2492 2558 (coll.

1467 2573 1691 2619 Macroh.
1716 2574 1872 2624 Satur.
1894 2576 1948 2633 1,
1979 2573 2088 2634 17),
2116 2574 2201 2622 ubi
2227 2575 2495 2639 reperimus

1467 2655 1614 2697 §acra
1632 2643 2051 2716 bobus'caprisque
2066 2653 2256 2700 auratis
2271 2651 2496 2717 Apollini

1470 2740 1520 2777 et
1535 2732 1739 2776 Latonae
1742 2729 1893 2795 facta
1906 2748 2068 2796 graeco
2087 2732 2182 2778 ritu
2194 2749 2212 2778 .·
2226 2745 2340 2779 nam
2358 2732 2495 2778 Grae-

1470 2808 1518 2855 ei
1529 2842 1544 2866 ,
1558 2808 1797 2860 humanos
1809 2809 2014 2857 affectus
2027 2821 2284 2873 moresque
2297 2811 2359 2857 ad
2375 2810 2494 2857 deos

1474 2887 1734 2934 transferre
1773 2888 1938 2944 soliti,
1964 2888 2016 2933 in
2050 2887 2263 2951 publicis
2300 2888 2498 2952 potissi-

1474 2981 1609 3012 mum
1627 2976 1674 3013 et
1694 2965 1959 3027 majoribus
1976 2964 2249 3022 sacrifieiIs,
2266 2965 2344 3013 vel
2361 2967 2498 3030 gravi

1474 3044 1743 3092 calamitate
1785 3044 2068 3093 imminente
2112 3045 2290 3093 oblatis
2303 3080 2317 3104 ,
2353 3045 2497 3093 victi-

1473 3140 1576 3171 mas
1592 3159 1606 3183 ,
1637 3135 1691 3171 ut
1715 3140 1778 3171 eo
1800 3125 2031 3188 gratiores
2054 3125 2150 3173 diis
2177 3115 2336 3173 essent
2350 3160 2363 3183 ‚
2391 3140 2496 3172 non

1471 3204 1625 3251 modo
1643 3205 1867 3263 coronis,
1893 3204 2060 3251 infulis
2080 3217 2131 3253 et
2150 3204 2379 3260 floribus,
2404 3204 2493 3251 sed

1468 3284 1651 3331 auratis
1676 3284 1821 3331 etiam
1845 3284 2078 3332 cornibus
2095 3284 2358 3341 ormbant3
2380 3282 2496 3331 vide

1469 3364 1596 3411 Plin.
1615 3365 1848 3410 XXXIII
1861 3397 1875 3421 ,
1900 3364 1949 3422 3,
1964 3379 2050 3410 seu
2075 3379 2129 3410 12
2149 3362 2267 3429 (qui
2285 3364 2493 3423 majores

1472 3441 1710 3489 duntaxat
1734 3441 1919 3489 hostias
1946 3443 2014 3489 ita
2036 3441 2287 3489 decoratas
2313 3440 2489 3496 tradit;

1471 3521 1610 3584 quod
1634 3521 1805 3568 falsum
1831 3535 1934 3569 esse
1949 3555 1964 3580 ,
1990 3521 2070 3567 vel
2097 3536 2159 3568 ex
2189 3520 2294 3565 Liv.
2317 3517 2491 3574 XXV,

1478 3614 1537 3645 η
1576 3600 1930 3664 intelligitur);
1965 3602 2112 3646 Hom.
2147 3596 2207 3641 11.
2247 3596 2328 3652 X,
2356 3601 2490 3657 2943

1472 3678 1655 3743 Odyss.
1682 3680 1784 3734 111,
1813 3678 1909 3724 382
1947 3692 2021 3738 sq.
2055 3673 2156 3729 425
2182 3687 2257 3734 sq.
2286 3674 2386 3728 433
2414 3690 2489 3737 sq.

1469 3757 1611 3820 Virg.
1622 3759 1731 3802 AEn.
1745 3757 1818 3801 IX
1831 3788 1846 3812 ‚
1867 3756 1929 3801 62
1939 3769 1988 3812 73
2004 3750 2218 3799 Broukh.
2232 3750 2294 3798 ad
2308 3752 2491 3801 Tibull.

1470 3837 1563 3893 IV,
1598 3851 1642 3891 1,
1681 3834 1760 3890 15,
1791 3843 1840 3878 et
1865 3830 2205 3878 Lakemacheri
2232 3831 2486 3880 observat.

1470 3913 1645 3978 philol.
1671 3927 1723 3975 p.
1758 3926 1803 3969 1,
1828 3909 1934 3957 obs.
1967 3911 2025 3968 33
2058 3909 2120 3957 de
2147 3911 2245 3959 ritu
2262 3912 2491 3972 judaico,

1468 4007 1654 4040 cornua
1678 3989 1889 4037 victimae
1914 3989 2178 4037 deam-andi
2200 3991 2493 4039 coronandi-

1470 4085 1566 4133 que
1592 4086 1643 4133 p.
1676 4071 1740 4130 79
1762 4086 1835 4133 sq.
1855 4068 2110 4118 ——Nostri
2135 4071 2297 4122 Codd.
2325 4073 2488 4120 ferunt

2014 4232 2090 4304 3.

1449 4150 1588 4198 ,bove
1606 4160 1801 4197 aurato.
1825 4150 1914 4197 En.
