3000 4717
439 334 676 385 AC--399

435 393 677 434 uem,
829 353 1144 421 LIBER
1202 355 1289 421 V.
1355 355 1577 421 CAP.
1629 354 1857 420 VIII.
1921 356 2060 421 IX.
2363 351 2496 446 139

367 476 547 546 'huic
580 478 799 571 atque
833 473 968 561 illi,
999 463 1081 544 ut
1110 498 1440 571 quosque
1475 473 1796 545 studium
1825 474 2154 570 privatim
2186 487 2310 593 aut
2338 498 2494 571 gra-

379 588 474 656 tia
515 597 1088 682 occupaverunt,
1133 585 1415 656 adsunt.

475 699 597 765 IX.
648 697 1002 767 Primores
1043 700 1371 786 Patrum,
1412 698 1562 767 sive
1608 695 1862 793 culpa,
1899 695 2045 765 sive
2085 693 2498 766 infelicitate

378 807 894 904 imperatorum
943 821 1090 878 tam
1138 809 1617 904 ignominiosa
1666 806 1901 877 clades
1944 818 2229 901 accepta
2277 819 2497 889 esset,

379 940 724 988 censuere
741 923 979 1005 ¹‚Non
1008 918 1870 1016 exspectandumjustum
1903 932 2181 1014 tempus
2200 919 2503 984 comitio-

377 1053 540 1098 rum
557 1082 580 1115 ,
631 1029 767 1099 sed
794 1029 1157 1127 extemplo
1188 1055 1405 1102 novos
1448 1032 1769 1102 tribunos
1801 1029 2116 1101 militum
2149 1023 2505 1098 creandos

378 1163 553 1226 esse,
585 1147 719 1237 qui
743 1141 1095 1213 Kalendis
1125 1143 1534 1213 octobribus
1562 1148 2061 1236 magistratum
2086 1145 2502 1234 occeperent.

376 1253 462 1319 In
498 1275 716 1346 quam
751 1255 1179 1349 sententiam
1214 1278 1446 1350 quum
1477 1251 1785 1349 pedibus
1810 1253 2107 1337 iretur²‚
2138 1248 2358 1318 ceteri
2384 1244 2506 1316 tri-

375 1356 559 1429 buni
598 1361 908 1432 militum
949 1363 1125 1433 nihil
1157 1361 1675 1433 contradicere.
1710 1364 1800 1430 At
1826 1360 2197 1430 enimvero
2227 1358 2510 1459 Sergius

375 1471 927 1568 Virginiusque,
978 1486 1282 1571 propter
1327 1495 1515 1567 quos
1566 1471 1921 1568 poenitere
1963 1470 2508 1565 magistratuum

377 1579 534 1673 ejus
575 1584 747 1652 anni
782 1596 1113 1655 senatum
1151 1568 1581 1678 apparebat,
1624 1581 1861 1679 primo
1893 1579 2314 1676 deprecari
2297 1601 2508 1676 lgno-

379 1692 710 1779 miniam,
742 1691 1003 1762 deinde
1027 1691 1477 1764 intercedere
1500 1689 2173 1762 senatusconsulto.
2206 1711 2504 1785 negare,

377 1823 452 1870 se
499 1815 665 1871 ante
712 1802 885 1872 Idus
946 1801 1403 1891 decembres,
1450 1803 1825 1873 solennem
1888 1798 2228 1870 ineundis
2284 1799 2510 1893 magi·-

361 1909 723 1982 *stratibus
759 1910 981 2005 diem,
1034 1911 1315 1984 honore
1367 1911 1692 1983 abituros
1730 1935 1907 1982 esse.
1928 1992 1933 1997 ,
1955 1913 2157 1999 Inter
2191 1908 2343 1978 haec
2378 1908 2507 1977 tri-

372 2018 556 2091 buni
588 2021 852 2120 plebis,
895 2048 1120 2121 quum
1165 2025 1239 2093 in
1286 2022 1679 2095 concordia
1720 2021 2102 2093 hominurn
2141 2017 2509 2090 secundis-

376 2154 521 2226 que
547 2131 768 2203 rebus
801 2135 1104 2205 civitatis
1135 2135 1340 2205 inviti
1371 2134 1739 2205 silentium
1766 2133 2201 2219 tenuissent,
2233 2128 2509 2201 feroces
2560 2156 2566 2163 ·

374 2255 671 2338 repente
722 2245 979 2314 minari
1018 2244 1326 2316 tribunis
1374 2245 1688 2315 militum
1712 2298 1731 2331 ,
1787 2244 1928 2314 nisi
1963 2244 2039 2313 in
2082 2241 2509 2312 auctoritate

375 2364 664 2421 senatus
704 2368 941 2425 essent
965 2351 1019 2441 ³,
1058 2379 1138 2425 se
1170 2357 1247 2426 in
1281 2355 1573 2426 vincula
1609 2380 1735 2426 eos
1768 2354 1938 2425 duci
1967 2356 2300 2450 jussuros
2328 2377 2506 2423 esse.

375 2460 561 2527 Tum
590 2464 663 2531 C.
701 2465 1035 2534 Servilius
1068 2466 1290 2537 Ahala
1319 2466 1663 2538 tribunus
1694 2467 2011 2537 militum
2047 2492 2062 2536 ε
2104 2495 2138 2531 «
2168 2463 2390 2555 Quod
2420 2463 2512 2534 ad

381 2597 415 2631 ε(
440 2593 570 2639 vos
615 2573 906 2660 attinet,
964 2574 1239 2645 tribuni
1289 2574 1559 2673 plebis,
1618 2578 2000 2675 minasque
2047 2591 2350 2665 vestraS,
2401 2601 2513 2645 11ae

376 2707 412 2742 tc
438 2703 572 2778 ego
604 2680 923 2754 libenter
936 2687 1351 2791 ,expet-iter,
1386 2711 1615 2782 quum
1650 2712 1806 2758 non
1847 2687 2011 2784 plus
2037 2688 2115 2756 in
2148 2685 2261 2755 his
2292 2686 2509 2779 juriS,

372 2862 539 2912 salutis
560 2863 773 2928 publicae
793 2876 1053 2929 utrumque
1073 2864 1403 2912 damnandum

374 2954 598 3001 censent3
617 2943 921 3008 sed'plurimi
932 2979 946 3004 ,
965 2945 1043 2993 vel
1060 2944 1194 2992 hunc
1206 2978 1221 3003 ‚
1239 2944 1318 2992 vel
1343 2943 1402 2992 il-

372 3020 605 3080 lum,'vel
627 3024 847 3089 Sergium
859 3060 873 3084 ,
891 3025 969 3072 vel
987 3023 1292 3089 thinfflm,
1315 3023 1399 3072 de-

375 3098 607 3160 fendunt,
641 3105 809 3166 prouti
834 3120 1052 3169 quosque
1071 3102 1285 3152 studium
1311 3115 1404 3151 aut

371 3177 540 3240 gratia
576 3180 771 3241 privata
821 3194 1177 3247 occupaverunt
1191 3218 1208 3240 ,
1256 3200 1397 3247 cepe—

377 3267 519 3317 runt,
561 3260 640 3307 vel
681 3277 848 3308 eorum
874 3261 1063 3310 animos
1088 3277 1400 3327 preoccupa-

377 3347 568 3384 verunt.
597 3338 830 3386 Similiter
851 3341 1007 3400 XLV,
1044 3356 1132 3402 19,
1166 3358 1217 3389 n.
1246 3358 1271 3403 7
1289 3376 1303 3400 ,
1330 3342 1403 3388 ad

378 3428 641 3483 occupatas
668 3416 782 3482 jam
819 3433 959 3465 aures
995 3419 1402 3484 sollicitatumque

363 3494 480 3560 jam
502 3496 717 3565 animum
735 3496 890 3543 Attali
905 3531 919 3555 ,
940 3496 991 3543 h.
1012 3513 1054 3543 e.
1073 3496 1136 3543 ad
1153 3499 1400 3557 Attalum,

375 3575 515 3635 cujus
549 3590 687 3622 aures
724 3573 1034 3637 animumque
1068 3575 1170 3635 jam
1201 3576 1399 3639 quidam

373 3653 709 3701 Romanorum
732 3665 1209 3718 praeoccupaverant.

429 3730 551 3779 CAP.
562 3734 655 3779 lx.
665 3748 687 3779 1
698 3766 710 3779 .
722 3733 827 3779 Sive
839 3733 1000 3796 culpa,
1013 3731 1108 3779 sive
1121 3730 1401 3796 infelicitate

372 3810 586 3876 (fortuna
597 3811 835 3878 adversa),
844 3823 937 3860 etc.
949 3826 1099 3875 quum
1108 3810 1190 3857 alii
1198 3809 1307 3868 hac,
1317 3812 1400 3859 alii

371 3889 456 3937 illa
478 3905 530 3936 re
555 3889 741 3938 cladem
763 3890 996 3938 accidisse
1019 3889 1397 3950 contenderent,

372 3970 568 4027 Patres,
605 3985 709 4017 non
741 3968 1066 4031 dijudicantes
1084 4003 1099 4029 ‚
1127 3979 1235 4016 utra
1262 3985 1402 4017 causa

1561 2881 1609 2914 2.
1632 2867 1693 2912 In
1721 2881 1872 2929 quam
1896 2864 2183 2912 sententiam
2209 2880 2357 2928 quum
2370 2863 2513 2927 pedi-

1490 2945 1577 2992 bus
1597 2945 1763 3002 iretur,
1791 2943 1906 2993 vide
1923 2942 1987 2990 ad
2006 2945 2029 2988 1
2042 2977 2056 3001 ,
2077 2944 2137 2990 32
2152 2976 2169 3002 ,
2187 2958 2237 2988 n.
2265 2956 2283 2987 1
2299 2942 2343 2988 3.
2363 2967 2434 2976 —-
2450 2943 2512 2987 In

1488 3024 1756 3071 concordia
1804 3022 2052 3071 hominum
2065 3056 2081 3079 ,
2138 3031 2416 3069 senatorum
2463 3032 2514 3068 et

1487 3103 1812 3168 quorumdam
1829 3102 1944 3152 trib.
1963 3103 2066 3150 mil.
2077 3137 2094 3162 ,
2112 3112 2196 3150 aut
2215 3112 2403 3150 tantum
2414 3104 2516 3151 Ser-

1486 3183 1557 3247 gii
1568 3194 1617 3231 et
1625 3182 1837 3247 virginii
1850 3217 1865 3241 ,
1881 3182 2057 3246 quibus
2071 3181 2272 3229 aderant
2281 3215 2295 3238 ,
2304 3191 2360 3228 ut
2374 3197 2515 3244 quos·

1486 3279 1582 3326 que
1600 3262 1816 3310 studium
1832 3261 2086 3326 privatim,
2105 3260 2179 3308 vel
2200 3261 2350 3324 gratia
2369 3277 2514 3309 occu-

1486 3351 1755 3406 paverunt3
1779 3340 1929 3388 Drak.

1561 3421 1607 3467 3.
1623 3421 1738 3467 Nisi
1747 3419 1797 3467 in
1816 3419 2109 3468 auctoritate
2120 3428 2315 3467 senatus
2329 3427 2484 3464 essent
2496 3449 2512 3472 ,

1486 3488 1615 3546 viad
1633 3500 1709 3558 ΙΙ,
1730 3498 1822 3558 56,
1844 3515 1893 3547 n.
1916 3500 1995 3547 16.
2010 3525 2080 3536 —-
2106 3499 2228 3555 Nee,
2261 3495 2511 3561 profecto,

1486 3593 1575 3643 ego
1600 3576 1800 3625 libenter
1833 3577 2100 3642 experirer,
2145 3575 2418 3640 periculum
2441 3574 2511 3621 fa-

1487 3672 1645 3704 cerem
1661 3654 1761 3721 (ich
1774 3663 1934 3721 mogte
1947 3671 1996 3702 es
2009 3654 2142 3703 wohl
2159 3652 2264 3718 auf
2270 3652 2350 3699 die
2356 3653 2513 3699 Probe

1488 3737 1775 3784 ankommen
1799 3734 2012 3801 lassen),
2043 3750 2192 3797 quam
2220 3749 2318 3780 non
2329 3733 2443 3798 plus
2461 3733 2511 3781 in

1486 3814 1562 3862 his
1586 3813 1732 3861 minis
1756 3812 1931 3860 vestris
1942 3811 2074 3876 juris
2093 3812 2207 3858 talia
2224 3811 2445 3860 minandi
2462 3824 2512 3861 et

1486 3892 1754 3957 aequitatis,
1774 3907 1923 3955 quam
1943 3892 1993 3938 in
2017 3889 2157 3938 vobis
2179 3890 2336 3938 animi
2359 3903 2507 3950 essee,

1492 3982 1577 4020 aut
1601 3970 1815 4019 audacia}
1840 3969 2052 4018 faciendi
2079 3969 2216 4034 quod
2240 3971 2510 4020 minamini.

374 4048 538 4094 verior
563 4061 715 4107 esset,
742 4065 1000 4108 censuere;
1028 4047 1180 4097 Drak.
1220 4050 1406 4098 Confer
1493 4049 1591 4099 Sed
1617 4050 1670 4097 in
1696 4049 1987 4113 quibusdam
2012 4049 2152 4098 libris
2177 4050 2382 4109 rectius,
2408 4051 2513 4115 opi-

385 4124 448 4171 ad
474 4128 565 4188 IV,
590 4127 679 4189 56,
706 4144 757 4175 n.
787 4145 834 4176 2.

1495 4143 1617 4204 nox-3
1655 4129 1834 4204 legitur
1860 4144 1873 4180 ε
1913 4145 2062 4199 quam
2087 4145 2185 4180 non
2211 4130 2328 4195 plus
2363 4129 2412 4177 in
2438 4128 2513 4176 his
