3000 4717
450 353 499 390 A.
523 352 572 389 C.
599 345 692 394 2528.

452 409 693 457 neam.
739 370 1058 437 LIBER
1105 369 1236 436 IV.
1292 363 1508 436 CAP.
1564 369 1857 434 XXIX.
1908 360 2153 436 XXX.
2410 363 2492 436 61

399 492 594 564 nulla
626 492 811 560 tristi
839 504 1014 561 nota
1039 503 1145 561 est
1173 490 1568 588 insignitus.
1607 477 1684 559 C.
1717 488 1944 560 Julius
1985 488 2239 560 consul
2279 488 2504 559 aedem

396 601 745 698 Apollinis
763 605 818 687 4,
839 598 1465 695 absentecollega,
1493 601 1644 669 sine
1680 613 1872 669 sorte
1901 597 2290 669 dedicavit:
2325 625 2505 696 aegre

399 710 472 780 id
494 735 741 807 passus
766 713 1105 800 Quintius
1122 765 1141 798 ,
1175 735 1401 807 quum
1417 764 1436 797 ,
1458 710 1750 780 dimisso
1771 712 2086 780 exercitu
2102 765 2120 797 ,
2157 712 2231 779 in
2249 710 2508 782 urbem

399 821 734 909 redisset,
773 821 1262 919 nequidquam
1300 824 1377 890 in
1414 834 1667 891 senatu
1697 835 1803 891 est
1839 823 2302 916 conquestus.'
2336 822 2511 903 Insi-

402 932 526 1027 gni
561 933 838 1028 magnis
872 931 1091 1002 rebus
1125 957 1317 1002 anno
1345 930 1668 1019 additur,
1698 930 1879 999 nihil
1909 943 2063 999 t'um
2090 928 2179 998 ad
2209 949 2369 1018 ‘rem
2405 939 2513 998 ro-

400 1041 684 1116 manam
713 1044 1075 1137 pertinere
1102 1043 1363 1126 visum,
1394 1041 1594 1137 quod
1616 1042 2236 1137 Carthaginienses
2255 1034 2306 1125 5,
2333 1040 2515 1108 tanti

398 1149 643 1222 hostes
691 1149 958 1240 futuri,
994 1167 1151 1222 tum
1185 1153 1494 1249 primum
1529 1175 1658 1248 per
1696 1150 2081 1221 seditiones
2113 1148 2516 1218 Siculorum

401 1257 491 1328 ad
528 1261 744 1355 partis
780 1261 1071 1332 alterius
1107 1262 1451 1333 auxilium
1488 1263 1564 1329 in
1608 1261 1909 1329 Siciliam
1949 1260 2339 1329 exercitum
2372 1272 2516 1326 tra-
2545 1281 2550 1286 ’

396 1368 656 1462 jecere.

498 1485 722 1552 XXX.
759 1484 1123 1579 Agitatum
1158 1486 1236 1552 in
1276 1480 1460 1551 urbe
1497 1479 1588 1551 ab
1625 1478 1934 1549 tribunis
1972 1477 2235 1575 plebis,
2269 1491 2351 1548 ut
2391 1482 2516 1548 tri-

401 1588 583 1659 buni
614 1592 925 1661 mili-tum
960 1592 1318 1661 consulari
1350 1602 1704 1685 potestate
1737 1601 2190 1674 crearentur,
2227 1610 2361 1655 nec
2397 1585 2522 1656 ob·
2599 1609 2608 1620 ²

401 1700 616 1768 tineri
644 1702 884 1795 potuit
909 1728 924 1768 ε
955 1700 1285 1770 consules
1304 1698 1490 1769 fiunt
1509 1705 1586 1769 L.
1608 1701 1928 1795 Papirius
1953 1704 2245 1769 Crassus
2259 1753 2278 1783 ,
2302 1704 2383 1767 L.
2408 1703 2445 1768 J
2448 1725 2519 1769 u-

405 1807 564 1877 lius.
598 1813 995 1905 AEquorum
1017 1811 1229 1907 legati
1250 1808 1482 1881 foedus
1507 1809 1597 1880 ab
1616 1823 1871 1881 senatu
1898 1834 2125 1904 quum
2149 1810 2514 1906 petissent,

406 1933 479 1988 et
498 1942 632 2014 pro
649 1916 918 1990 foedere
938 1919 1206 1991 deditio
1222 1931 1241 1961 ¹
1269 1934 1785 2007 ostentaretur,
1814 1918 2138 1989 inducias
2163 1931 2520 1989 annorum

405 2029 1202 2125 octoimpetraverunt.
1241 2030 1668 2101 Volscorum
1709 2054 1857 2117 reS,
1901 2052 2116 2125 super
2160 2044 2522 2125 acceptam
2591 2037 2601 2048 '

405 2140 480 2208 in
510 2138 763 2236 Algido
798 2140 1106 2230 cladem,
1136 2143 1483 2239 pertinaci
1512 2142 1902 2213 certamine
1931 2141 2120 2209 inter
2141 2140 2336 2235 pacis
2364 2137 2521 2209 hel-

406 2249 602 2346 lique
634 2266 962 2323 auctores
994 2255 1071 2323 in
1103 2253 1338 2351 jurgia
1375 2267 1446 2324 et
1481 2251 1869 2324 seditiones
1904 2269 2107 2320 versa
2139 2274 2153 2317 τ
2196 2247 2522 2343 undique

406 2462 643 2523 proximis
666 2464 873 2528 ipsoque
891 2463 996 2512 filio
1018 2481 1108 2513 suo
1132 2466 1417 2523 exercitam,

407 2539 520 2585 infr.
546 2542 670 2600 vn,
702 2549 768 2601 43
804 2556 1026 2592 notatum
1052 2561 1156 2596 esse
1186 2545 1309 2610 dicit·
1340 2561 1420 2609 cof

403 2618 631 2681 gnomine
661 2621 932 2682 Imperiosi,
963 2622 1098 2686 quod
1123 2621 1266 2670 etiam
1287 2622 1424 2688 fratri

408 2698 511 2757 e'jus
545 2697 636 2744 Cn.
671 2699 858 2746 Manlio
893 2700 1104 2747 inditum
1139 2699 1299 2764 (Vn,
1333 2716 1421 2758 12,

416 2775 495 2833 16,
521 2791 544 2821 1
557 2792 602 2836 7,
625 2792 688 2822 22
704 2811 717 2835 ,
743 2779 808 2824 28
822 2774 864 2841 )‚
884 2778 1099 2828 sedmox
1113 2778 1422 2825 obliteratum

408 2842 501 2903 fuit
528 2855 711 2905 Manlia
739 2856 792 2902 in
828 2869 999 2919 gente,
1025 2869 1073 2904 et
1098 2867 1424 2921 permutatum

408 2950 520 2981 cum
549 2935 847 2999 cognomine
891 2937 1152 3000 Torquati,
1196 2935 1332 2999 quod
1363 2938 1422 2984 T.

409 3001 622 3061 Manlius
659 3013 788 3062 fflius
823 3016 875 3062 in
915 3010 1170 3075 juventute
1208 3032 1291 3062 sua
1332 3015 1427 3062 sibi

411 3101 795 3157 comparaveram
816 3094 928 3141 vide
947 3096 1047 3141 VII
1059 3129 1072 3152 ,
1099 3109 1174 3142 ιο.
1193 3095 1428 3158 Exempla

414 3170 676 3218 oblivionis
698 3175 878 3237 passim
906 3173 1056 3221 obvia
1080 3174 1133 3219 in
1160 3174 1325 3232 Livio,
1352 3172 1427 3220 di-

413 3264 578 3297 versos
604 3263 824 3300 auctores
851 3262 1094 3316 sequente.
1115 3253 1296 3301 Confer
1320 3269 1427 3317 cap.

418 3335 514 3386 423
543 3330 607 3386 V,
629 3338 721 3388 423
748 3335 825 3389 Χ,
854 3340 915 3391 47
938 3349 952 3389 ;
975 3333 1132 3392 XXI,
1156 3332 1219 3392 6³
1245 3335 1425 3391 xxu,

419 3409 510 3464 483
540 3408 743 3465 XXIII,
778 3424 833 3454 11
856 3428 870 3469 ;
891 3413 1086 3468 XXIV,
1124 3427 1168 3470 ις
1205 3412 1334 3458 Duk.
1363 3411 1427 3458 ad

417 3488 546 3534 Flor.
577 3487 624 3543 Ι,
662 3493 753 3543 14,
789 3473 1079 3536 22-Nulla
1112 3476 1238 3537 tristi
1267 3500 1422 3547 nota,

416 3567 553 3615 nullo
578 3565 775 3612 saevitiae
801 3566 963 3613 titulo.

492 3653 540 3700 4.
569 3644 743 3691 AEdem
764 3643 1004 3706 Apollinis
1022 3644 1124 3691 sine
1140 3657 1268 3692 sorte
1294 3635 1431 3693 dedi·

418 3724 574 3780 cavit,
592 3741 640 3772 v.
660 3725 763 3781 111,
780 3723 865 3781 63,
889 3738 938 3767 ιι.
965 3721 1013 3780 5,
1033 3734 1079 3768 et
1097 3726 1146 3780 1,
1170 3725 1252 3782 55,
1272 3741 1322 3771 ιι.
1349 3726 1394 3772 3.

491 3803 542 3848 -5,
575 3798 1039 3866 Carthaginienses...
1060 3812 1158 3846 tum
1172 3802 1430 3864 primum...

416 3881 472 3928 in
498 3881 712 3928 Siciliam
735 3881 996 3928 exercitum
1015 3880 1272 3945 trajecere,
1300 3898 1436 3930 «non

423 3960 561 4023 quasi
580 3971 683 4007 tum
706 3961 916 4023 primum
938 3960 1214 4021 'trajecerint
1233 3993 1247 4017 ,
1273 3976 1439 4009 verum

422 4055 488 4089 ex
506 4055 605 4102 quo
627 4041 913 4105 Syracusani
931 4040 1246 4101 praevalentes
1263 4054 1352 4103 per
1367 4027 1449 4087 si-'

419 4118 584 4167 ailiam
599 4135 717 4184 opes
729 4129 1031 4183 paraverant,
1050 4119 1270 4170 civitates
1282 4129 1441 4168 autem

1509 2457 1796 2527 obsequium
1824 2450 2146 2510 detrectantes
2180 2460 2243 2508 ad
2267 2476 2420 2509 novas
2449 2478 2524 2511 res

1503 2537 1808 2607 spectabant.
1848 2545 2088 2591 Petierant
2125 2544 2350 2606 Egestani
2388 2544 2524 2591 auxi-

1511 2623 1632 2670 lium
1658 2639 1685 2669 a
1711 2624 1874 2670 Poenis
1899 2623 2129 2670 adversus
2159 2623 2481 2682 Selinuntios;
2500 2647 2525 2664 υ

1511 2704 1675 2766 Heyn,
1699 2703 1880 2765 Opusc.
1901 2700 2055 2748 Acad.
2077 2713 2112 2749 t.
2137 2702 2201 2759 V,
2227 2718 2277 2764 p.
2300 2702 2400 2755 435
2413 2719 2427 2760 ;
2442 2703 2527 2764 qui

1512 2779 1634 2827 ibid.
1657 2790 1694 2826 t.
1719 2782 1821 2836 ΙΙΙ,
1847 2797 1898 2843 p.
1920 2786 1986 2833 44
2007 2795 2079 2842 sq.
2106 2779 2282 2848 docet,
2299 2796 2433 2828 oram
2454 2780 2527 2828 Si·

1476 2874 1485 2883 *
1513 2858 1636 2904 ciliae
1655 2858 1942 2904 maritimam
1960 2857 2095 2921 prius
2118 2859 2219 2916 jam
2245 2857 2306 2904 ab
2330 2858 2425 2904 illis
2446 2873 2528 2904 oc-

1514 2946 1738 3000 cupatam
1764 2935 1924 2981 fiiisse.
1956 2935 2099 2983 Conf.
2120 2936 2182 2982 ad
2203 2938 2281 2993 11,
2306 2938 2354 2993 8,
2371 2952 2421 2981 ιι.
2449 2951 2526 2982 ιο.

1513 3014 1891 3069 ——Herodotus‚
1911 3013 1996 3061 lib.
2015 3030 2091 3060 vu
2108 3049 2121 3072 ‚
2145 3025 2306 3062 narrat
2326 3014 2537 3062 Amilca-

1517 3111 1646 3153 rem,
1672 3093 1871 3151 ducem,
1892 3094 2025 3152 sive,
2045 3105 2099 3140 ut
2127 3094 2233 3157 ipse
2260 3106 2430 3152 vocat,
2459 3111 2529 3142 re-

1517 3191 1625 3238 gem
1652 3173 2145 3237 Carthaginiensium,
2165 3185 2275 3221 cum
2302 3175 2531 3230 trecentis

1516 3253 1729 3301 millibus
1754 3253 2010 3300 hominum
2039 3254 2090 3299 in
2120 3252 2282 3300 Sicilia
2302 3268 2479 3302 caesum
2502 3270 2530 3300 a

1520 3333 1706 3380 Gelone
1740 3334 2153 3396 Syracusanorum
2184 3348 2296 3396 rege
2311 3367 2325 3391 ,
2357 3333 2530 3380 eodem

1517 3410 1624 3470 die,
1649 3428 1746 3476 quo
1766 3414 1957 3460 Xerxes
1983 3412 2116 3476 apud
2143 3409 2380 3459 Salamina
2401 3411 2531 3457 devi-

1516 3501 1621 3538 ctus
1661 3501 1733 3538 est
1747 3526 1761 3550 ,
1787 3507 1843 3538 ac
1884 3491 2093 3556 proinde
2131 3488 2531 3553 quinquagesimo

1520 3569 1713 3616 circiter
1737 3573 1848 3616 an'te
1871 3569 1963 3615 hos
1986 3569 2211 3615 consules
2236 3582 2381 3614 anne.
2406 3569 2496 3615 En.

1590 3649 1712 3696 Cin.
1731 3649 1902 3694 XXX.
1918 3663 1938 3692 1
1950 3682 1961 3692 .
1981 3646 2175 3693 Deditio
2195 3656 2529 3704 ostentaretur,

1520 3728 1885 3792 promitteretur
1907 3726 1976 3771 ‘ab
2003 3724 2170 3786 AEquis
2184 3758 2198 3782 ,
2224 3723 2303 3770 vel
2342 3725 2535 3773 offerre-

1523 3817 1628 3863 tur,
1651 3804 1732 3851 vel
1752 3804 1988 3850 indicium
2007 3804 2109 3861 ejus
2135 3813 2218 3848 aut
2238 3818 2348 3866 spes
2371 3802 2534 3864 fieret,

1524 3885 1604 3931 vel
1648 3882 1856 3943 denique
1889 3880 2208 3927 simulamur.
2249 3884 2321 3928 Ita
2357 3886 2536 3947 passim

1528 3972 1770 4009 ostentare
1794 3971 1841 4007 et
1866 3958 2127 4006 ostendere.
2153 3960 2334 4007 Confer
2357 3963 2419 4008 ad
2445 3966 2534 4023 IV,

1531 4041 1622 4102 59,
1641 4055 1690 4086 n.
1713 4055 1771 4099 23
1794 4041 1893 4098 VI,
1914 4039 1969 4098 5,
1990 4055 2039 4085 n.
2071 4054 2120 4096 ις
2146 4040 2348 4098 XXVI,
2369 4049 2460 4100 24,
2480 4057 2532 4087 n.

1531 4135 1588 4178 23
1612 4120 1798 4178 XXX,
1827 4118 1917 4177 331,
1937 4125 1996 4165 'n.
2027 4118 2084 4178 53
2103 4120 2348 4178 XXXIV,
2386 4120 2466 4175 13,
2486 4135 2534 4168 n.
