3000 4717
510 369 647 444 338

1346 365 1430 429 T.
1494 361 1775 430 LIVII

2338 333 2384 370 Α.
2413 334 2459 370 C.
2490 332 2583 370 361.

2338 395 2388 433 U.
2408 395 2451 431 C.
2486 393 2584 442 391.

511 521 639 567 nes
689 509 845 564 tum
892 502 1096 561 erant
1116 484 1145 530 ⁸
1167 541 1185 575 ,
1238 508 1539 555 suorum
1593 480 1988 552 carminum
2039 489 2276 559 actor,
2329 471 2637 558 dicitur,

509 628 740 704 quum
767 603 1023 699 saepius
1040 610 1414 671 revocatus
1445 615 1700 663 vocem
1721 587 2123 661 obtudisset
2145 584 2386 672 ,venia
2410 582 2640 678 petita

505 738 816 815 puerum
846 710 937 781 ad
966 706 1372 782 canendum
1399 718 1564 775 ante
1585 701 1957 771 tibicinem
1990 718 2217 792 quum
2241 693 2637 778 statuisset,

509 825 869 897 canticum
919 819 1142 916 egisse
1176 816 1547 911 aliquanto
1594 811 1819 906 magis
1855 809 2141 903 vigente
2184 817 2389 873 motu
2407 856 2425 890 ,
2464 802 2640 897 quia

511 934 689 1006 nihil
731 931 926 1002 vocis
960 949 1133 997 usus
1168 919 1648 1021 impediebat3
1691 918 1859 987 inde
1901 914 1992 986 ad
2027 937 2321 984 manum
2365 911 2641 981 cantari

507 1039 980 1118 histrionibus
1029 1049 1346 1133 coeptum
1381 1087 1399 1121 ,
1440 1027 1912 1124 diverbiaque
1969 1033 2248 1095 tantum
2313 1024 2642 1119 ipsorum
2704 1078 2713 1087 .

512 1152 673 1223 voc-i
701 1150 950 1221 relicta
969 1156 1024 1215 9.
1060 1149 1449 1239 Postquam
1478 1140 1634 1237 lege
1663 1138 1799 1208 hac
1824 1134 2232 1207 fabularum
2259 1131 2350 1204 ab
2377 1133 2525 1202 risu
2557 1154 2642 1201 ac

500 1348 752 1416 fabulam,
768 1347 1005 1408 integram
1016 1337 1322 1396 comoediam,
1342 1338 1542 1398 eiusque

517 1426 770 1476 historiam
782 1458 796 1482 ,
816 1422 1141 1470 narrationem
1161 1413 1336 1484 (Sujet)
1359 1429 1538 1469 serere,

520 1520 772 1555 conserere
782 1537 797 1561 ,
811 1504 1016 1564 iungere
1026 1534 1040 1559 ,
1065 1498 1352 1545 continuare
1364 1528 1377 1552 ‚
1396 1508 1546 1540 unam

516 1598 566 1634 et
577 1586 816 1647 integram
829 1579 1032 1627 reddere
1045 1614 1059 1637 ,
1076 1592 1180 1624 non
1197 1592 1225 1623 e
1243 1573 1447 1637 singulis
1464 1583 1548 1619 aut

515 1665 646 1711 inter
657 1677 709 1709 se
718 1675 824 1707 non
836 1656 1197 1706 cohaerentibus
1210 1653 1354 1700 dictis
1367 1662 1545 1715 aptam,

517 1744 668 1790 immo
704 1739 908 1785 mixtam
923 1770 938 1794 ‚
972 1744 1257 1799 argumento
1300 1731 1540 1795 (Snjet),

518 1817 796 1869 narratione
823 1831 921 1864 una
947 1826 997 1863 et
1022 1811 1178 1864 solida
1193 1846 1208 1870 ,
1235 1825 1332 1858 una
1352 1809 1545 1857 actione

519 1900 619 1958 rei,
645 1897 783 1946 suite.
802 1918 828 1937 n

598 1979 645 2026 8.
677 1976 744 2024 ld
760 1973 899 2040 quod
926 1987 1089 2021 omnes
1117 1982 1219 2018 eum
1244 1977 1417 2022 erant,
1437 1965 1543 2013 scil.

522 2057 818 2112 caminum,
837 2069 923 2101 seu
940 2051 1214 2100 fabularum
1229 2058 1451 2096 auctores
1470 2046 1550 2092 vel

524 2148 687 2208 poeta!
705 2132 982 2190 dramatici,
1000 2131 1087 2195 qui
1114 2129 1328 2176 dramata
1342 2140 1454 2184 ,seu
1479 2125 1549 2171 fa-

524 2217 663 2264 bulas
681 2230 784 2262 non
797 2211 947 2259 modo
966 2221 1286 2273 componere,
1304 2204 1389 2251 sed
1403 2204 1548 2250 etiam

527 2295 703 2342 docere
720 2303 770 2339 et
788 2304 935 2353 agere
953 2286 1189 2334 solebant.
1212 2282 1408 2344 Ellipsis
1426 2280 1547 2327 dura

528 2383 603 2420 est
626 2406 641 2430 ‚
668 2382 717 2418 et
740 2367 888 2415 verba
915 2379 1110 2427 quoque
1130 2396 1146 2417 ,
1168 2360 1445 2426 parenthesi
1468 2359 1547 2405 in-

530 2450 662 2497 clusa
677 2482 691 2507 ‚
707 2445 939 2492 videntur
973 2441 1089 2488 loco
1125 2455 1214 2489 suo
1241 2448 1375 2486 mota
1410 2453 1516 2485 esse
1532 2471 1546 2495 ,

529 2539 674 2590 atque
698 2532 813 2588 post
838 2536 949 2568 voc.
966 2530 1217 2568 revocatus
1234 2518 1313 2565 vel
1332 2517 1548 2564 obtudis-

531 2616 606 2653 set
618 2601 848 2668 ponenda
854 2600 1097 2660 ·-me
1109 2596 1283 2661 sapius
1301 2607 1549 2644 revocatus

533 2702 564 2733 a
588 2679 945 2748 spectatoribus
959 2711 973 2736 ,
993 2686 1050 2724 ut
1072 2685 1312 2740 repeteret
1339 2690 1424 2734 ea,
1443 2689 1553 2737 quae

537 2772 776 2812 cantasset
812 2755 913 2822 (cf.
949 2754 1145 2804 Ernesti
1184 2754 1310 2802 clav.
1346 2753 1455 2802 cic.
1498 2767 1552 2801 v.

536 2838 815 2903 revocare),
830 2851 1001 2885 vocem
1026 2834 1316 2890 obtudisset,
1342 2845 1471 2895 saepe
1509 2843 1558 2879 et

537 2922 625 2970 diu
659 2917 882 2968 canendo
911 2913 1229 2966 infirmiorem
1269 2926 1557 2973 raucumque

537 3001 734 3049 fecisset
751 3033 766 3055 ‚
786 3010 991 3060 puerum
1012 2992 1190 3041 accivit
1230 3002 1278 3038 et
1309 3001 1426 3037 ante
1448 2989 1556 3037 tibi-

540 3081 695 3128 cinem
726 3075 898 3124 statuit
937 3072 1011 3119 ad
1052 3070 1324 3118 canendum
1335 3103 1352 3125 ‚
1403 3079 1459 3115 ut
1492 3068 1557 3118 azd

540 3157 718 3205 modos
746 3154 881 3202 tibia
914 3161 1107 3199 caneret
1120 3183 1136 3209 ,
1157 3150 1265 3213 ipse
1284 3162 1403 3194 vero
1436 3162 1556 3193 ean-

544 3236 692 3283 tioum
717 3233 820 3298 egit
839 3242 1001 3286 motu,
1025 3246 1099 3276 sc.
1128 3242 1360 3275 manuum
1394 3237 1444 3273 et
1479 3237 1557 3273 to-

539 3317 641 3364 tius
658 3310 881 3376 corporis
895 3345 909 3367 ‚
928 3309 983 3357 h.
1004 3325 1050 3355 e.
1066 3306 1379 3369 soliloquium
1392 3339 1406 3362 ,
1423 3304 1559 3367 quod

546 3411 573 3441 a
599 3406 753 3458 puero
782 3388 1043 3436 canebatur
1060 3419 1075 3442 ,
1091 3384 1385 3432 histrionum
1422 3398 1558 3430 more

547 3469 785 3538 expressit
827 3464 1190 3528 gesticulatione
1215 3498 1229 3522 ,
1271 3473 1320 3508 et
1363 3461 1561 3525 quidem

549 3564 681 3600 mom
710 3546 965 3609 aliquanto
993 3541 1149 3607 magis
1176 3541 1400 3605 vigente,
1421 3553 1562 3604 gestu

549 3632 704 3679 multo
747 3623 925 3673 acriori
968 3637 1024 3668 ac
1071 3619 1423 3668 vehementiori
1466 3620 1487 3686 (
1507 3631 1563 3667 ut

550 3710 729 3775 passim
754 3705 921 3770 vigere
941 3701 1004 3748 de
1023 3711 1166 3747 motu
1188 3716 1244 3747 ac
1271 3713 1395 3747 voce
1420 3699 1563 3746 salta·

551 3801 714 3838 torum
730 3821 744 3844 ,
763 3794 1016 3832 cantorum
1039 3777 1426 3845 oratorumque),
1445 3776 1563 3841 quia

551 3868 676 3914 nihil
681 3863 821 3912 vocis
839 3877 950 3909 usus
968 3858 1280 3922 impediebat,
1302 3857 1566 3905 nonsimul

553 3959 726 3992 canere
747 3955 1014 4002 vocemque
1031 3937 1281 3985 intendere
1300 3952 1425 4000 opus
1443 3946 1563 3984 erat.

559 4026 631 4068 Ita
657 4035 851 4082 quoque
860 4017 1021 4065 Valer.
1042 4018 1178 4063 Max.
1196 4018 1277 4086 11³,
1306 4023 1335 4070 4
1348 4049 1363 4074 ,
1384 4023 1413 4069 4
1429 4047 1444 4072 ,
1463 4016 1568 4062 haec

555 4099 703 4146 verba
718 4098 1062 4158 interpretatus
1086 4106 1181 4144 est:
1202 4093 1573 4159 afflitopueri

1628 1345 1677 1381 et
1712 1331 1917 1381 tibicinis
1955 1341 2188 1378 concentu
2229 1326 2645 1392 gesticulationem

1632 1413 1807 1460 taciens
1836 1411 2044 1476 peregit.
2094 1410 2170 1457 cf.
2208 1411 2338 1456 Suet.
2377 1407 2517 1455 Galb.
2546 1408 2612 1453 13
2630 1440 2644 1464 ,

1631 1492 1717 1540 ubi
1741 1492 1931 1539 Ernesti
1951 1500 2121 1537 monet
2145 1487 2386 1535 canticum
2412 1501 2557 1550 agere
2573 1484 2649 1531 ibi

1633 1572 1767 1619 idem
1792 1587 1893 1618 esse
1912 1604 1925 1628 ‚
1954 1568 2087 1632 quod
2111 1567 2163 1614 in
2193 1570 2324 1615 Suet.
2351 1566 2501 1627 08113.
2537 1565 2607 1618 54
2632 1598 2646 1623 ,

1637 1650 1854 1717 tragoedo
1892 1646 2240 1713 pronuntianti
2276 1644 2539 1692 ·eoncinere
2599 1652 2650 1689 et

1628 1744 1816 1795 gestum
1861 1726 2102 1775 histrionis
2145 1724 2385 1793 effingere.
2435 1721 2648 1770 Romani

1633 1810 1874 1858 canticum
1915 1806 2156 1855 vocabant
2213 1801 2492 1874 μονολογὶαν
2507 1838 2525 1864 ,
2566 1800 2650 1848 vel

1634 1889 1976 1952 soliloquium,
2007 1884 2142 1949 quod
2163 1884 2267 1931 scil.
2296 1882 2359 1930 ad
2388 1881 2560 1929 modos
2584 1880 2649 1927 ti-

1632 1968 1728 2015 biae
1754 1968 2016 2016 canebatur
2040 1975 2123 2011 aut
2151 1963 2468 2020 recitabatur3
2494 1959 2646 2007 diver-

1638 2047 1720 2094 bia
1754 2057 1913 2094 autem
1946 2058 2218 2091 sermonem
2240 2041 2545 2097 amoeboenm,
2568 2038 2650 2085 vel

1638 2126 1885 2189 dialogum
1898 2159 1912 2182 ,
1930 2122 2169 2185 colloquia
2189 2120 2396 2167 duorum
2410 2117 2649 2184 plurium-

1635 2219 1696 2252 ve
1737 2215 1973 2252 actorum.
2017 2200 2281 2248 Diomedes
2317 2201 2416 2255 111,
2450 2215 2501 2261 p.
2545 2197 2648 2250 488

1635 2283 1831 2330 collect.
1876 2280 2071 2329 Putsch.
2119 2301 2144 2320 α
2161 2279 2378 2327 Membra
2397 2311 2412 2335 ,
2455 2273 2648 2338 inquit,

1635 2361 1982 2409 comoediarum
2027 2358 2116 2406 tria
2157 2367 2269 2404 sunt
2283 2391 2297 2414 ,
2345 2354 2617 2403 diverbium
2639 2388 2654 2412 ,

1634 2441 1879 2488 canticum
1893 2474 1907 2498 ,
1937 2438 2131 2486 chorus.
2166 2436 2397 2483 Diverbia
2434 2443 2545 2480 sunt
2580 2447 2655 2479 σε

1635 2520 1982 2567 comoediarum
2006 2529 2168 2581 partes
2181 2551 2194 2574 ‚
2222 2516 2275 2562 in
2297 2514 2474 2578 quibus
2494 2512 2657 2559 diver-

1639 2614 1803 2646 sorum
1829 2613 2050 2662 personae
2071 2605 2341 2643 versantur.
2366 2596 2427 2640 In
2454 2590 2659 2639 canticis

1639 2694 1738 2725 una
1756 2688 1941 2726 tantum
1962 2676 2106 2732 debet
2124 2690 2227 2721 esse
2244 2688 2478 2737 persona3
2504 2680 2589 2717 aut
2615 2669 2660 2716 si

1644 2756 1754 2804 duae
1784 2756 1997 2812 fuerint,
2032 2753 2100 2801 ita
2137 2752 2318 2799 debent
2350 2766 2480 2807 esse,
2509 2759 2565 2795 ut
2593 2764 2658 2795 ex

1644 2836 1840 2882 occulto
1866 2850 1960 2881 una
1986 2833 2174 2890 audiat,
2202 2847 2294 2878 nec
2327 2830 2658 2892 colloquatur,

1646 2914 1732 2961 sed
1754 2929 1915 2960 secum
1931 2946 1945 2971 ,
1973 2912 2015 2958 si
2039 2927 2165 2976 opus
2192 2909 2339 2957 fuerit
2358 2943 2372 2966 ,
2411 2908 2554 2955 verba
2585 2908 2658 2953 fa-

1640 2994 1754 3039 ciat.
1797 2994 1857 3037 In
1890 2991 2055 3037 ¹choris
2086 3005 2204 3036 vero
2234 3004 2461 3035 numerus
2489 3001 2660 3049 perso·

1642 3083 1811 3116 narum
1851 3068 2079 3116 definitus
2114 3075 2216 3114 non
2246 3078 2337 3113 est.
2357 3089 2381 3107 ι·
2419 3066 2660 3114 Caeterum

1643 3149 1769 3195 forte
1785 3148 1878 3211 leg.
1903 3161 2016 3195 cum
2039 3147 2169 3194 nuk.
2195 3157 2245 3191 ee
2264 3146 2415 3192 venia
2426 3144 2585 3209 petita
2599 3161 2659 3206 p.

1645 3228 1717 3292 ad
1738 3244 1779 3274 e.
1807 3244 1855 3273 a.
1881 3237 1915 3274 e.
1943 3226 2206 3281 scamissee,
2235 3224 2316 3272 vel
2339 3224 2487 3272 venia
2501 3223 2662 3288 petita

1634 3323 1691 3369 p.
1735 3306 1808 3352 ad
1839 3322 1882 3353 e.
1919 3322 1968 3352 a.
2009 3316 2043 3352 t.
2085 3304 2306 3351 statuisse
2340 3314 2389 3350 et
2421 3303 2663 3350 canticum

1645 3384 1807 3448 egisse.
1827 3387 2076 3446 Ingratum
2095 3393 2224 3430 certe
2247 3393 2294 3429 et
2314 3396 2664 3446 supervacuum

1646 3474 1721 3510 est
1744 3462 2006 3526 repetitum
2029 3476 2190 3524 quum.

1719 3558 1768 3603 9.
1790 3537 1914 3587 Inde
1931 3539 2003 3586 ad
2014 3553 2213 3586 manum
2229 3537 2536 3586 histrionibus
2557 3534 2665 3600 (vel

1649 3615 1959 3684 histrionum)
1980 3618 2197 3676 cantari,
2225 3618 2404 3676 amini,
2432 3627 2661 3678 eoepeam,

1649 3700 1711 3747 ab
1751 3698 2070 3748 histrionibus
2107 3695 2302 3744 cantica
2338 3693 2667 3757 tragoedorum

1651 3777 1738 3843 agi
1756 3790 1912 3846 motu,
1943 3777 2196 3824 saltatione
2225 3786 2274 3822 et
2300 3773 2669 3838 gesticulatione

1653 3858 1859 3920 expritni
1898 3867 2057 3920 coepta
2076 3888 2090 3912 ,
2127 3854 2433 3915 diverbiaque
2478 3861 2670 3897 tantum

1655 3936 1866 4000 ipsorum
1899 3933 2017 3982 voci
2034 3934 2219 3980 “relicta
2233 3968 2248 3989 ,
2285 3938 2433 3988 voce,
2469 3946 2552 3977 seu
2587 3944 2673 3976 ca-

1654 4011 1820 4061 nendo
1840 4012 1901 4059 ab
1921 4013 1982 4059 iis
2004 4027 2244 4076 expressa.
2272 4003 2444 4076 (Conf.
2467 4020 2573 4056 not.
2600 4007 2675 4071 8.)

1658 4114 1683 4133 «
1701 4091 1967 4140 Hism‘ones
1989 4091 2225 4138 saltabant
2245 4106 2301 4137 ac
2320 4088 2675 4152 gestit-ulaban-
