3000 4717
427 328 717 445 32:332?
804 359 1120 426 LIBER
1169 359 1384 426 vm.
1444 360 1655 428 CAP.
1709 361 2055 426 xxm,
2353 361 2481 441 481

375 479 611 567 urbiS,
650 478 843 548 haud
883 503 923 549 e
962 477 1332 575 republica
1383 489 1658 566 esset9;
1700 493 1939 550 actum
1983 504 2147 549 cum
2188 480 2494 552 tribunis

373 605 520 678 est,
572 588 658 659 ad
702 588 1055 685 populum
1107 588 1413 675 ferrent,
1453 604 1572 677 ut,
1626 614 1854 686 quum
1897 589 2250 661 Publilius
2292 592 2496 663 Philo

376 695 758 771 consulatu
792 698 1086 785 abisset,
1138 722 1275 795 pro
1327 700 1623 770 consule
1679 725 1830 770 rem
1884 695 2200 796 gereret,
2251 702 2497 797 quoad

376 808 810 881 debellatum
850 833 1016 878 cum
1063 811 1324 880 Graecis
1380 823 1586 879 esset.
1630 815 1711 880 L.
1759 810 2130 892 Cornelio,
2183 813 2351 906 quia
2404 837 2498 882 ne

376 943 543 992 eum
584 918 878 1016 quidem
915 921 990 988 in
1031 921 1401 990 Samnium
1435 920 1582 1013 jam
1612 921 2013 1015 ingressum
2052 922 2375 990 revocari
2407 921 2496 991 ab

377 1032 652 1129 impetu
686 1029 861 1100 belli
896 1030 1263 1128 placebat,
1307 1031 1529 1101 literae
1571 1033 1799 1101 missae
1826 1043 1911 1119 ¹⁰,
1954 1046 2035 1102 ut
2077 1032 2512 1124 dictatorem

377 1144 837 1213 comitiorum
869 1165 1080 1212 causa
1111 1141 1421 1227 diceret3
1458 1141 1639 1211 dixit
1665 1147 1762 1211 M.
1805 1143 2184 1214 Claudium
2212 1146 2503 1215 Marcel-

375 1252 565 1336 lum;
599 1251 688 1321 ab
737 1275 826 1323 eo
867 1254 1203 1349 magister
1240 1253 1571 1348 equitum
1623 1251 1856 1323 dictus
1897 1258 2015 1349 Sp.
2062 1254 2494 1324 Postumius.

373 1369 523 1436 Nec
554 1379 791 1435 tamen
829 1364 920 1436 ab
955 1364 1303 1434 dictatore
1339 1365 1626 1433 comitia
1658 1378 1828 1434 suut
1852 1363 2129 1450 habita,
2161 1367 2362 1460 quia,
2398 1368 2496 1434 vi·

374 1474 574 1544 tione
601 1488 882 1545 creatus
901 1488 1086 1545 esset
1103 1484 1187 1561 ¹¹,
1224 1475 1301 1542 in
1328 1472 1908 1568 disquisitionem
1928 1475 2154 1558 venit3
2182 1475 2499 1546 consulti

378 1609 712 1681 augures,
735 1574 1070 1654 vitiosum
1096 1583 1321 1653 videri
1343 1583 1765 1654 dictatorem
1784 1639 1802 1668 ,
1824 1586 2495 1682 pronuntiaverunt.

374 1701 549 1765 Eam
581 1718 738 1764 rem
776 1694 1053 1764 tribuni
1094 1709 1500 1790 suspectam
1533 1692 2018 1791 infamemque
2047 1699 2497 1768 criminando

374 1801 701 1873 fecerunt
744 1830 760 1871 :
819 1827 993 1871 nam
1041 1827 1277 1897 neque
1302 1802 1539 1895 facile
1557 1807 1798 1893 fuisse
1844 1805 1929 1874 id
1970 1811 2220 1876 vitium
2265 1814 2497 1895 nosci,

374 1938 598 2008 quum
624 1909 879 1981 consul
894 1916 1132 1981 oriens
1148 1922 1208 1951 ¹²
1235 1927 1436 1981 nocte
1452 1910 1727 1981 silentio
1749 1912 2013 1983 diceret
2036 1915 2454 1986 dictatorem
2474 1944 2495 1985 .-

377 2047 609 2119 neque
624 2021 721 2092 ab
749 2018 1037 2092 consule
1064 2026 1402 2117 cuiquam
1419 2020 1718 2117 publice
1735 2027 2157 2118 privatimve
2183 2023 2277 2093 de
2303 2050 2391 2094 ea
2421 2049 2497 2095 re

374 2135 708 2228 scriptum
737 2154 923 2200 esse:
956 2155 1085 2201 nec
1112 2155 1556 2227 quemquam
1593 2132 1998 2201 mortalium
2024 2149 2339 2220 exstare,
2369 2140 2500 2228 qui

376 2266 453 2312 se
491 2242 747 2312 vidisse
772 2237 858 2326 ¹³,
900 2257 1033 2310 aut
1062 2241 1351 2311 audisse
1388 2242 1570 2338 quid
1595 2242 1818 2327 dicat,
1860 2242 2065 2338 quod
2090 2249 2494 2339 auspicium

376 2450 787 2514 propinquantem
804 2462 853 2497 et
875 2451 1159 2509 instantem,
1182 2463 1238 2498 ut
1262 2451 1392 2515 apud
1480 2453 1638 2516 Longi
1658 2452 1717 2499 de
1737 2447 1956 2517 orthogr.
1975 2453 2107 2500 Oriri
2122 2455 2259 2518 apud
2269 2455 2496 2519 antiquos

372 2527 513 2591 virg.
543 2530 651 2575 AEn.
669 2529 747 2585 X,
778 2527 858 2573 26.
888 2527 1070 2574 Confer
1091 2530 1166 2574 IX
1184 2562 1197 2586 ,
1227 2531 1287 2575 31
1301 2564 1316 2587 ,
1340 2546 1390 2577 n.
1478 2546 1674 2594 surgere
1680 2532 1970 2596 frequenter
1983 2532 2321 2601 significabat,
2345 2546 2399 2581 ut
2414 2553 2501 2599 ap-

381 2607 429 2664 8,
453 2618 501 2653 et
522 2605 584 2653 ad
600 2607 703 2662 111,
726 2605 810 2662 51,
826 2619 877 2649 n.
901 2605 1029 2650 3.-
1049 2608 1110 2650 In
1133 2606 1260 2661 dies,
1275 2606 1391 2653 vide
1468 2621 1622 2669 paret
1638 2610 1686 2655 in
1702 2626 1758 2655 eo
1779 2611 2132 2673 quoddicitur:
2155 2614 2334 2663 Consul
2342 2617 2500 2664 oriens

378 2684 442 2731 ad
463 2685 552 2739 IV,
577 2700 664 2741 10,
686 2700 737 2730 n.
765 2696 807 2728 1.

452 2779 499 2826 9.
540 2761 695 2809 Haud
713 2776 739 2806 e
757 2758 1001 2822 republica
1024 2771 1168 2815 esset,
1196 2759 1309 2806 vide
1325 2760 1389 2806 ad

378 2839 477 2901 VI,
502 2859 564 2889 22
581 2876 597 2900 ‚
622 2858 670 2888 2.

457 2938 535 2969 10.
559 2921 735 2969 Literoe
752 2919 930 2975 missae,
962 2928 1041 2974 ut,
1073 2928 1165 2964 etc.
1191 2916 1305 2963 vide
1328 2916 1390 2964 ad

381 3017 488 3064 cap.
515 3016 605 3063 19,
633 3017 683 3046 n.
718 3015 797 3048 10.

456 3094 477 3123 1
492 3096 534 3125 1.
565 3079 755 3125 Vitione
767 3088 957 3124 creatus
980 3087 1123 3133 esset,
1244 3074 1388 3121 vitio-

380 3173 485 3204 sum
506 3159 819 3213 dictatorem,
836 3156 947 3203 vide
965 3156 1027 3202 ad
1048 3156 1112 3212 V,
1145 3170 1224 3213 17,
1248 3171 1298 3201 n.
1315 3162 1363 3208 4.

458 3253 536 3284 12.
557 3238 731 3298 'Quum
758 3235 928 3282 consul
948 3234 1128 3289 oriens,
1164 3250 1362 3296 surgens
1379 3268 1392 3291 ‚

382 3326 519 3361 nocte
535 3314 723 3362 silentio
737 3350 752 3371 ,
781 3315 950 3361 silente
971 3324 1020 3359 et
1038 3311 1196 3358 media
1222 3324 1392 3370 nocte,

382 3393 561 3441 diceret
577 3393 888 3448 dictatorem;
917 3407 1028 3438 nam
1054 3403 1158 3438 tum
1179 3391 1393 3454 auspicia

382 3474 491 3537 capi
529 3472 764 3520 solebant.
796 3472 976 3519 Confer
1001 3472 1102 3528 IX,
1132 3470 1221 3527 38,
1248 3487 1297 3517 n.
1322 3487 1353 3531 9
1377 3488 1391 3530 ;

381 3552 458 3609 X,
481 3559 570 3609 40,
593 3568 640 3598 n.
697 3567 722 3608 ¹3
748 3551 1005 3608 XXXIII,
1041 3556 1102 3602 14
1126 3564 1201 3611 pr.
1236 3548 1393 3595 oriens

381 3645 472 3693 pro
491 3630 622 3693 vulg.
642 3567 825 3676 ‹Zieme
841 3644 904 3675 ex
923 3627 1111 3674 emend.
1137 3628 1288 3673 Gron.
1309 3628 1393 3689 qui

380 3708 506 3755 bene
530 3720 719 3765 monet,
748 3718 941 3754 noctem
965 3705 1167 3770 perinde
1196 3704 1393 3767 quidem

384 3788 528 3845 oriri,
554 3799 608 3835 ut
627 3788 780 3845 diem,
806 3786 891 3833 sed
912 3802 1013 3832 non
1033 3784 1279 3849 principio
1305 3799 1395 3830 no-

385 3867 498 3926 ctis,
535 3883 702 3914 verum
742 3878 855 3931 post
888 3865 1119 3922 mediam,
1164 3859 1358 3910 silentio
1379 3898 1393 3921 ,

386 3962 576 4010 surgere
594 3946 743 3993 moris
763 3946 908 3991 fuisse
922 3941 1283 4007 auspicantibus
1299 3941 1394 4004 (vi-

387 4024 447 4072 de
459 4029 584 4072 Fest.
608 4021 957 4072 verb.'SiIentio
976 4033 1025 4069 et
1038 4020 1206 4067 Solida
1222 4017 1369 4082 sella)
1380 4052 1394 4077 ,

388 4113 436 4150 et
460 4102 868 4170 lectionemvhanc
889 4100 1070 4150 firmari
1090 4099 1252 4146 verbis
1267 4096 1400 4145 Velit.

626 4191 726 4261 II.

1476 2683 1761 2749 magistrum
1770 2689 1948 2750 populi
1963 2689 2112 2737 dicat.
2139 2719 2210 2726 -
2227 2695 2390 2753 Quum
2417 2712 2499 2742 an-

1476 2763 1776 2825 tiquissimus
1818 2766 2087 2829 Regiorum
2127 2769 2273 2815 codd.
2321 2772 2498 2820 habeat

1472 2841 1658 2887 oriente
1709 2855 1850 2889 nocte
1875 2878 1893 2899 ,
1957 2845 2166 2892 libenter
2225 2846 2493 2911 legeremus

1476 2920 1633 2967 oriens
1657 2921 1719 2967 de
1734 2934 1898 2979 nocte,
1929 2923 2233 2971 usitatissima
2252 2928 2382 2990 apud
2405 2931 2494 2976 La-

1476 2999 1607 3045 tinos
1632 2998 1869 3063 loquendi
1897 3002 2067 3051 forma.
2096 3006 2216 3050 Hor.
2259 3007 2413 3069 Epist.
2442 3011 2495 3067 Ι,

1479 3093 1507 3123 2
1522 3111 1537 3134 ,
1564 3078 1622 3125 32
1641 3094 1654 3126 :
1675 3080 1886 3143 Surgunt
1902 3080 1962 3126 de
1984 3093 2123 3128 nocte
2141 3082 2366 3150 latrones.
2387 3084 2492 3133 Cic.

1477 3173 1570 3219 pro
1584 3157 1788 3204 Murena
1802 3175 1852 3207 n.
1871 3176 1932 3205 22
1953 3175 1966 3208 :
1988 3160 2168 3223 Vigilas
2188 3172 2239 3206 tu
2262 3161 2322 3207 de
2333 3175 2490 3213 nocte.

1479 3236 1570 3281 En.
1588 3262 1656 3270 —-
1672 3236 1868 3284 Silentio
1876 3257 1900 3294 ;
1926 3255 2073 3301 quum
2092 3256 2283 3303 surgere
2301 3242 2488 3289 silentio

1480 3313 1671 3370 dicitur,
1697 3314 1941 3383 significat
1952 3334 2049 3363 non
2070 3317 2366 3381 interpellari
2377 3338 2495 3384 quo-

1479 3392 1636 3439 minus
1661 3408 1759 3439 rem
1786 3406 1953 3458 gerat,
1991 3396 2150 3458 inquit
2176 3400 2343 3445 Festu-
2373 3415 2494 3446 voce

1479 3471 1746 3518 Sinistrum.
1785 3474 1914 3521 Hinc
1944 3474 2191 3522 Silentium
2231 3475 2409 3524 dicitur
2439 3479 2492 3524 in

1480 3551 1736 3614 auspiciis»,
1760 3553 1893 3613 quod
1921 3554 2055 3600 omni
2072 3554 2195 3601 vitio
2216 3556 2490 3603 caret.Vide

1479 3639 1529 3674 et
1553 3629 1655 3676 Cic.
1686 3630 1746 3676 de
1772 3630 1944 3680 Divin.
1966 3634 2046 3689 11,
2074 3648 2153 3692 71.
2177 3635 2265 3680 En.
2435 3689 2441 3696 ‚

1557 3721 1577 3750 1
1589 3708 1634 3753 3.
1660 3707 1756 3768 Qui
1771 3724 1822 3754 se
1837 3710 2041 3766 vidisse,
2069 3723 2156 3758 aut
2168 3711 2359 3758 audisse
2372 3712 2495 3775 quid

1482 3783 1640 3840 dicat,
1668 3786 1805 3847 quod
1817 3787 2083 3849 auspicium
2103 3790 2370 3846 dirimeret,
2392 3791 2494 3837 irri-

1480 3873 1584 3908 tum
1606 3863 1783 3910 faceret
1809 3863 2005 3929 (confer
2024 3878 2129 3913 not.
2156 3884 2183 3926 7·
2200 3867 2248 3929 )‚
2272 3869 2348 3915 vel
2367 3870 2493 3917 face·

1481 3953 1554 3988 ret
1566 3975 1579 3998 ,
1599 3952 1652 3988 ut
1667 3958 1770 3988 non
1781 3943 1873 3989 rite
1892 3946 2001 4009 capi
2018 3957 2183 4008 posset
2195 3982 2209 4005 ,
2226 3958 2274 3994 et
2289 3948 2341 3994 in
2360 3948 2494 3996 aliud

1483 4031 1673 4084 tempus
1709 4032 1965 4068 noctemve
1997 4023 2295 4084 differretur3
2330 4028 2497 4094 confer

1485 4098 1547 4145 ad
1569 4101 1615 4160 1,
1647 4100 1737 4157 36,
1757 4116 1807 4147 n.
1839 4101 1982 4161 85V,
2011 4117 2090 4160 17,
2113 4119 2162 4150 ιι.
2186 4111 2240 4164 4;
2261 4106 2376 4167 XL,
2403 4106 2496 4167 59,

2025 4186 2105 4257 31
