3000 4717
2343 327 2392 365 A.
2416 327 2456 365 G.
2480 324 2569 365 355.

508 338 650 426 364
1353 344 1427 412 T.
1489 343 1766 413 mvn
2342 386 2381 426 ,J
2412 389 2454 426 e,
2477 388 2565 438 3„

507 461 844 534 sustineri
883 463 1287 560 potuissent
1310 517 1329 549 ,
1366 464 1443 533 ni
1468 461 1652 534 forte
1686 488 1775 534 eo
1809 462 1971 534 loco
2004 462 2312 534 dictator
2336 462 2622 554 fuisset,

508 580 663 647 Sex,
701 574 1010 647 Tullium
1042 578 1337 647 nomine
1370 577 1750 675 increpans
1789 577 2251 675 rogitansque
2292 603 2307 646 ε
2350 581 2625 649 Siccine

491 701 955 782 pugnaturos
990 684 1239 757 milites
1266 686 1810 784 wopondissett’
1842 686 1973 757 ubi
1990 684 2100 757 illi
2114 685 2458 764 clamores
2473 693 2629 758 sint

505 820 712 866 arma
722 805 1177 893 poscentium
1195 798 1234 866 ἱ)
1254 795 1386 866 ube·
1403 802 1648 882 minse,
1679 797 1947 889 injussu
1973 803 2410 894 imperatoris
2429 820 2625 894 prce·

509 904 687 977 lium
719 907 1068 978 mitur-os?
1087 912 1206 977 En
1233 911 1466 1003 ipsum
1499 910 2001 1003 imperatorem
2029 907 2231 978 clara
2269 932 2450 978 voce
2480 932 2631 978 vo·—

508 1042 678 1089 care
713 1017 817 1088 ad
837 1015 1180 1114 proelium
1193 1070 1214 1103 ‚
1255 1032 1325 1087 et
1361 1023 1466 1087 ire
1503 1032 1864 1087 armatum
1905 1033 2075 1088 ante
2105 1024 2349 1114 prima
2383 1024 2618 1113 signa.

504 1131 775 1225 Ecquis
808 1142 1221 1224 sequeretur
1250 1150 1500 1197 eorum
1524 1182 1543 1212 ,
1575 1132 1706 1223 qui
1737 1127 1955 1198 modo
1997 1128 2280 1198 ducturi
2287 1128 2621 1218 fierint,-

502 1241 580 1306 in
608 1245 855 1309 castris
857 1239 1151 1327 feroces
1168 1289 1189 1321 ,
1223 1243 1297 1307 in
1327 1244 1484 1309 acie
1496 1236 1813 1334 pavidi?
1838 1242 2023 1307 Vera
2050 1237 2477 1326 audiebaut3
2499 1239 2627 1309 ita-

505 1371 652 1444 que
701 1362 938 1418 tantos
990 1347 1232 1445 pudor
1275 1347 1601 1418 stimulos
1649 1345 2000 1435 admovit,
2055 1361 2138 1417 ut
2193 1362 2496 1419 ruerent·
2539 1349 2623 1417 in

502 1455 824 1528 hostium
870 1456 1012 1528 tela
1037 1512 1056 1545 ,
1116 1457 1438 1529 alienatis
1485 1482 1527 1528 a
1579 1459 1927 1528 memoria
1984 1458 2284 1555 periculi
2339 1459 2616 1529 animis.

503 1567 637 1636 Hic
694 1568 930 1661 primo
981 1567 1293 1661 impetus
1350 1591 1580 1664 prope
1641 1591 1891 1638 vecors
1940 1564 2254 1637 turbavit
2308 1568 2545 1639 hostes
2601 1594 2620 1637 ε

506 1699 730 1771 eques
766 1675 1025 1746 deinde
1069 1678 1367 1749 emissus
1407 1677 1736 1749 turbatos
1776 1677 2050 1747 avertit.
2086 1681 2249 1773 Ipse
2282 1675 2621 1765 dictator,

504 1799 889 1882 postquam
929 1785 1291 1857 labantem
1327 1812 1473 1857 una
1518 1801 1721 1885 parte
1759 1784 1939 1855 vidit
1973 1785 2197 1856 aciem
2218 1796 2270 1869 1,
2310 1787 2506 1883 signa
2542 1784 2623 1854 in

505 1892 766 1965 laevum
791 1919 1023 1965 cornu
1041 1895 1354 1984 confert,
1379 1920 1531 1992 quo
1556 1894 1841 1966 turbam
1868 1893 2179 1965 hostium
2206 1896 2630 1992 congregari

508 2004 884 2093 cernebat3
934 2019 1006 2075 et
1055 2006 1179 2093 iis,
1235 2006 1360 2101 qui
1407 2007 1482 2075 in
1533 2018 1780 2074 monte
1823 2017 2061 2091 eraut,
2101 2004 2382 2099 siguum
2422 2003 2626 2098 quod

510 2129 945 2188 convenerat
982 2113 1201 2186 dedit.
1235 2114 1379 2186 Ubi
1413 2113 1584 2184 inde
1611 2138 1910 2211 quoque
1941 2136 2171 2184 novus
2208 2112 2476 2184 clamor
2500 2137 2626 2183 or—

508 2243 657 2320 tuS,
702 2244 774 2300 et
824 2229 1122 2300 tendere
1168 2226 1474 2323 obliquo
1517 2241 1767 2298 monte
1805 2226 1894 2297 ad
1936 2238 2210 2298 castra²
2250 2227 2628 2297 Gallorum

508 2341 642 2409 visi
675 2353 881 2425 sunt3
912 2354 1066 2408 tum
1090 2351 1291 2408 metu
1310 2390 1330 2424 ,
1359 2361 1452 2408 ne
1481 2335 2073 2426 excluderentur,
2096 2339 2357 2407 omissa
2382 2361 2626 2434 pugna

508 2462 652 2534 est,
695 2471 1059 2542 cursuque
1087 2445 1317 2517 effuso
1351 2447 1440 2518 ad
1483 2460 1710 2517 castra
1743 2445 2192 2533 ferebantur3
2230 2445 2355 2517 ubi
2393 2471 2623 2544 quum

508 2556 933 2627 occurrisset
976 2556 1076 2626 eis
1116 2559 1214 2626 M.
1246 2556 1573 2628 Valerius
1595 2611 1614 2643 ,
1665 2556 2001 2653 magister
2041 2558 2367 2652 equitum
2412 2558 2628 2654 (qui,

507 2665 888 2763 profligato
932 2664 1189 2737 dextro
1217 2691 1485 2753 corna,
1521 2664 1989 2763 obequitabat
2028 2666 2345 2737 hostium
2381 2668 2625 2737 muni-

511 2773 840 2869 mentis),
871 2774 962 2846 ad
981 2790 1266 2848 montes
1289 2776 1645 2875 silvasque
1674 2790 1965 2846 vertunt
1998 2774 2270 2872 fugam3
2306 2776 2629 2872 plurimi-

471 2993 480 3002 *
582 2969 705 3017 Car.
731 2968 846 3015 XV.
881 2982 924 3016 1.
954 2969 1223 3016 Labantem
1256 2983 1355 3014 una
1374 2977 1525 3032 parce

512 3046 666 3094 aciem
693 3046 961 3095 Gallorum.

582 3140 610 3172 a
618 3159 631 3172 .
649 3125 858 3172 Tendere
870 3125 1065 3190 obliquo
1078 3135 1238 3172 monte
1249 3122 1322 3170 ad
1330 3133 1492 3169 castra
1503 3157 1520 3179 ‚

511 3202 625 3252 vide
643 3203 706 3250 ad
725 3205 801 3261 11,
830 3205 924 3266 39,
949 3220 999 3250 ιι.
1023 3205 1076 3261 33
1102 3214 1152 3250 et
1169 3203 1259 3261 lv,
1291 3215 1380 3261 19,
1406 3217 1458 3247 ιι.
1479 3216 1522 3249 1.

508 3281 849 3349 -Profligato
862 3281 1036 3328 dextro
1052 3298 1201 3328 cornu
1211 3316 1228 3338 ‚
1247 3280 1397 3327 immo
1410 3278 1525 3326 sini-

511 3372 615 3411 stro
646 3360 885 3418 hostium,
911 3359 1047 3423 quod
1074 3375 1101 3407 a
1137 3359 1310 3407 dextro
1344 3361 1524 3406 Roma·

509 3456 687 3490 norum
727 3449 828 3486 erat
868 3437 1194 3502 profligatum.
1231 3439 1412 3501 Lapaus
1452 3447 1526 3484 est

508 3519 700 3576 Livius,
722 3531 968 3566 romanam
986 3516 1138 3563 aciem
1150 3515 1216 3563 ob
1235 3516 1405 3562 oculos
1423 3531 1526 3563 ver-

511 3609 696 3647 santem
722 3596 927 3654 habena,
950 3594 1134 3643 Stroth.
1162 3597 1307 3641 Forte
1331 3592 1523 3657 legend.

509 3678 659 3734 lavo,-
687 3677 763 3724 vel
784 3675 951 3739 potius
971 3674 1024 3721 ἰιι
1048 3674 1195 3721 initio
1216 3689 1324 3739 cap.
1344 3673 1520 3720 dextro

509 3772 662 3803 cornu
683 3771 794 3803 cum
814 3753 962 3802 Drak.
982 3754 1117 3813 cujus
1135 3763 1252 3800 nota
1272 3763 1346 3800 est
1366 3766 1380 3801 ε
1403 3773 1428 3793 κ
1446 3753 1521 3800 Ita

507 3833 674 3881 Livius
694 3833 931 3891 narrabit,
954 3827 1123 3880 Gallos
1146 3831 1318 3880 dextro
1340 3846 1490 3877 cornu
1499 3864 1531 3887 ‚.

509 3926 685 3974 nempe
697 3927 785 3960 suo
796 3946 810 3969 ,
836 3912 993 3959 acrius
1004 3911 1236 3958 invasisse
1249 3912 1495 3957 Romanos
1506 3941 1520 3967 ‚

511 3988 693 4048 donee,
721 3990 1062 4037 adhortatione
1097 3988 1347 4037 dictatoria
1382 3989 1521 4036 reati-

509 4075 613 4112 tuta
637 4081 826 4128 pugna,
851 4067 1061 4115 Romani
1086 4067 1211 4115 illud
1234 4068 1398 4132 primo
1409 4055 1519 4116 'tur-

1609 2966 1796 3022 barint,
1818 2965 1995 3013 deinde
2018 2966 2295 3014 averterint.
2316 2968 2445 3014 Dum
2465 2978 2627 3014 autem

1610 3044 1706 3092 hoc
1733 3044 1959 3092 dextrum
1984 3060 2140 3093 cornu
2163 3046 2386 3109 magister
2408 3047 2626 3109 equitum

1611 3124 1939 3187 persequitur,
1963 3124 2174 3171 dictator
2197 3124 2333 3187 signa
2361 3124 2549 3172 confert
2571 3126 2627 3173 ἱιι

1613 3203 1782 3250 Ioevum
1807 3218 1985 3259 cornu,
2017 3219 2190 3267 nempe
2217 3202 2481 3251 Gallorum.
2520 3206 2633 3252 Hae

1613 3280 1759 3327 etiam
1795 3292 1932 3345 parte
1974 3281 2069 3328 fusi
2104 3277 2270 3328 hostes
2310 3281 2534 3330 incidunt
2571 3284 2628 3329 in

1611 3359 1895 3423 magistrum
1943 3360 2156 3422 equitum
2172 3393 2186 3418 ,
2234 3360 2320 3422 qui
2356 3360 2626 3428 profligato

1613 3438 1788 3485 dextro
1830 3453 1980 3486 cornu
2023 3437 2276 3488 Gallorum
2312 3439 2626 3488 munimentis

1613 3516 1942 3580 obequitabat.
1966 3519 2185 3565 Fortasse
2206 3528 2367 3565 tamen
2375 3517 2539 3565 Livius
2550 3519 2626 3566 sui

1614 3595 1798 3645 oblitus
1825 3596 2031 3655 erravit,
2069 3606 2124 3643 ut
2151 3597 2330 3660 passim
2365 3608 2414 3644 et
2456 3596 2537 3643 ille
2575 3609 2627 3646 et

1610 3676 1788 3739 optimi
1823 3676 2101 3740 scriptores.
2123 3697 2148 3715 ι·
2186 3676 2332 3725 Gonf.
2361 3676 2423 3723 ad
2447 3676 2629 3735 XXII,

1613 3755 1708 3813 48,
1734 3771 1784 3801 ιι.
1815 3755 2133 3813 4;xxv[1,
2164 3762 2251 3814 143
2277 3757 2504 3813 XXVII,
2531 3756 2625 3812 483

1609 3835 1868 3891 XXXIII,
1900 3850 1951 3896 9,
1964 3849 2013 3880 ιι.
2034 3835 2088 3892 33
2107 3834 2386 3891 XXXVII,
2407 3842 2491 3892 24,
2506 3850 2554 3880 ιι.
2574 3833 2623 3879 3.

1607 3938 1678 3948 ——
1699 3912 1901 3976 Oblique
1917 3929 1944 3958 e
1971 3923 2130 3960 monte
2156 3915 2283 3974 conj.
2312 3914 2507 3974 Doujat.
2535 3912 2628 3960 sed.

1608 3991 1714 4038 sine
1736 4007 1904 4054 causa;
1937 3993 2002 4041 ita
2015 4008 2110 4056 per
2128 4003 2445 4040 transversam
2466 3990 2625 4040 aciem

1607 4084 1703 4132 pro
1724 4082 1987 4119 transverse
1994 4089 2055 4136 p.
2077 4088 2129 4118 a.
2148 4071 2268 4120 dicit
2289 4073 2475 4120 Florus.
2498 4074 2599 4120 En.
