<?xml version="1.0" encoding="UTF-8"?>
<!DOCTYPE html PUBLIC "-//W3C//DTD XHTML 1.0 Transitional//EN"
    "http://www.w3.org/TR/xhtml1/DTD/xhtml1-transitional.dtd">
<html xmlns="http://www.w3.org/1999/xhtml" xml:lang="en" lang="en">
 <head>
  <title>
</title>
<meta http-equiv="Content-Type" content="text/html;charset=utf-8" />
  <meta name='ocr-system' content='tesseract 3.04.00' />
  <meta name='ocr-capabilities' content='ocr_page ocr_carea ocr_par ocr_line ocrx_word'/>
</head>
<body>
  <div class='ocr_page' id='page_1' title='image "./titusliviuspata00unkngoog_0322.png"; bbox 0 0 3000 4717; ppageno 0'>
   <div class='ocr_carea' id='block_1_1' title="bbox 478 329 2547 431">
    <p class='ocr_par' dir='ltr' id='par_1_1' title="bbox 478 329 2547 431">
     <span class='ocr_line' id='line_1_1' title="bbox 478 329 2547 431; baseline 0.006 -18"><span class='ocrx_word' id='word_1_1' title='bbox 478 343 615 414; x_wconf 81' lang='lat'><strong>328</strong></span> <span class='ocrx_word' id='word_1_2' title='bbox 839 348 917 414; x_wconf 88' lang='lat' dir='ltr'><strong>T.</strong></span> <span class='ocrx_word' id='word_1_3' title='bbox 969 347 1245 414; x_wconf 79' lang='lat' dir='ltr'><strong>L1v11</strong></span> <span class='ocrx_word' id='word_1_4' title='bbox 1296 347 1488 413; x_wconf 87' lang='lat' dir='ltr'><strong>LIB.</strong></span> <span class='ocrx_word' id='word_1_5' title='bbox 1535 347 1660 413; x_wconf 85' lang='lat' dir='ltr'><strong>v1.</strong></span> <span class='ocrx_word' id='word_1_6' title='bbox 1717 348 1930 415; x_wconf 82' lang='lat' dir='ltr'><strong>CAP.</strong></span> <span class='ocrx_word' id='word_1_7' title='bbox 1986 348 2227 415; x_wconf 85' lang='lat' dir='ltr'>XLII.</span> <span class='ocrx_word' id='word_1_8' title='bbox 2299 329 2547 431; x_wconf 55' lang='lat'><strong>3:533:</strong></span> 
     </span>
    </p>
   </div>
   <div class='ocr_carea' id='block_1_2' title="bbox 468 465 2685 1774">
    <p class='ocr_par' dir='ltr' id='par_1_2' title="bbox 468 465 2685 1774">
     <span class='ocr_line' id='line_1_2' title="bbox 474 465 2595 553; baseline 0.003 -17"><span class='ocrx_word' id='word_1_9' title='bbox 474 467 777 553; x_wconf 86' lang='lat' dir='ltr'><strong>diceret,</strong></span> <span class='ocrx_word' id='word_1_10' title='bbox 807 491 895 538; x_wconf 80' lang='lat' dir='ltr'><strong>ex</strong></span> <span class='ocrx_word' id='word_1_11' title='bbox 914 466 1240 537; x_wconf 88' lang='lat' dir='ltr'><strong>Patribus</strong></span> <span class='ocrx_word' id='word_1_12' title='bbox 1260 465 1593 537; x_wconf 87' lang='lat' dir='ltr'><strong>creando.</strong></span> <span class='ocrx_word' id='word_1_13' title='bbox 1619 472 1726 537; x_wconf 86' lang='lat' dir='ltr'><strong>Ita</strong></span> <span class='ocrx_word' id='word_1_14' title='bbox 1743 466 1834 537; x_wconf 86' lang='lat' dir='ltr'><strong>ab</strong></span> <span class='ocrx_word' id='word_1_15' title='bbox 1859 466 2135 537; x_wconf 89' lang='lat' dir='ltr'><strong>diutina</strong></span> <span class='ocrx_word' id='word_1_16' title='bbox 2163 469 2267 538; x_wconf 88' lang='lat' dir='ltr'><strong>ira</strong></span> <span class='ocrx_word' id='word_1_17' title='bbox 2303 471 2595 543; x_wconf 87' lang='lat' dir='ltr'><strong>tandem</strong></span> 
     </span>
     <span class='ocr_line' id='line_1_3' title="bbox 473 576 2592 675; baseline 0.003 -30"><span class='ocrx_word' id='word_1_18' title='bbox 473 579 546 646; x_wconf 91' lang='lat' dir='ltr'><strong>in</strong></span> <span class='ocrx_word' id='word_1_19' title='bbox 587 579 1044 649; x_wconf 82' lang='lat' dir='ltr'>concordiam</span> <span class='ocrx_word' id='word_1_20' title='bbox 1076 576 1377 649; x_wconf 85' lang='lat' dir='ltr'><strong>redactis</strong></span> <span class='ocrx_word' id='word_1_21' title='bbox 1409 576 1821 664; x_wconf 76' lang='lat' dir='ltr'><strong>ordinibuS,</strong></span> <span class='ocrx_word' id='word_1_22' title='bbox 1863 599 2091 673; x_wconf 90' lang='lat' dir='ltr'><strong>quum</strong></span> <span class='ocrx_word' id='word_1_23' title='bbox 2119 577 2408 675; x_wconf 84' lang='lat' dir='ltr'>dignam</span> <span class='ocrx_word' id='word_1_24' title='bbox 2436 605 2592 652; x_wconf 89' lang='lat' dir='ltr'><strong>eam</strong></span> 
     </span>
     <span class='ocr_line' id='line_1_4' title="bbox 473 688 2591 785; baseline 0.004 -29"><span class='ocrx_word' id='word_1_25' title='bbox 473 711 626 757; x_wconf 89' lang='lat' dir='ltr'><strong>rem</strong></span> <span class='ocrx_word' id='word_1_26' title='bbox 671 703 959 758; x_wconf 86' lang='lat' dir='ltr'><strong>senatus</strong></span> <span class='ocrx_word' id='word_1_27' title='bbox 995 701 1321 758; x_wconf 81' lang='lat' dir='ltr'><strong>censeret</strong></span> <span class='ocrx_word' id='word_1_28' title='bbox 1360 712 1550 776; x_wconf 90' lang='lat' dir='ltr'><strong>esse,</strong></span> <span class='ocrx_word' id='word_1_29' title='bbox 1599 688 2008 784; x_wconf 87' lang='lat' dir='ltr'><strong>meritoque</strong></span> <span class='ocrx_word' id='word_1_30' title='bbox 2044 688 2115 757; x_wconf 90' lang='lat' dir='ltr'><strong>id</strong></span> <span class='ocrx_word' id='word_1_31' title='bbox 2134 705 2169 777; x_wconf 73' lang='grc'><strong>,“</strong></span> <span class='ocrx_word' id='word_1_32' title='bbox 2202 689 2263 760; x_wconf 90' lang='lat' dir='ltr'><strong>si</strong></span> <span class='ocrx_word' id='word_1_33' title='bbox 2298 692 2591 785; x_wconf 86' lang='lat' dir='ltr'><strong>quando</strong></span> 
     </span>
     <span class='ocr_line' id='line_1_5' title="bbox 476 790 2594 893; baseline 0.001 -27"><span class='ocrx_word' id='word_1_34' title='bbox 476 820 797 893; x_wconf 89' lang='lat' dir='ltr'><strong>unquam</strong></span> <span class='ocrx_word' id='word_1_35' title='bbox 836 798 1003 868; x_wconf 87' lang='lat' dir='ltr'><strong>alias</strong></span> <span class='ocrx_word' id='word_1_36' title='bbox 1025 852 1044 884; x_wconf 87' lang='lat'>,</span> <span class='ocrx_word' id='word_1_37' title='bbox 1087 797 1300 866; x_wconf 91' lang='lat' dir='ltr'><strong>deum</strong></span> <span class='ocrx_word' id='word_1_38' title='bbox 1347 790 1885 865; x_wconf 79' lang='lat' dir='ltr'><strong>immortalium&#39;</strong></span> <span class='ocrx_word' id='word_1_39' title='bbox 1914 820 2123 866; x_wconf 87' lang='lat' dir='ltr'><strong>causa</strong></span> <span class='ocrx_word' id='word_1_40' title='bbox 2161 794 2473 868; x_wconf 87' lang='lat' dir='ltr'><strong>libenter</strong></span> <span class='ocrx_word' id='word_1_41' title='bbox 2500 796 2594 868; x_wconf 86' lang='lat' dir='ltr'><strong>fa-</strong></span> 
     </span>
     <span class='ocr_line' id='line_1_6' title="bbox 473 903 2593 994; baseline 0.001 -18"><span class='ocrx_word' id='word_1_42' title='bbox 473 920 717 977; x_wconf 88' lang='lat' dir='ltr'><strong>cturos</strong></span> <span class='ocrx_word' id='word_1_43' title='bbox 761 905 951 994; x_wconf 89' lang='lat' dir='ltr'><strong>fore,</strong></span> <span class='ocrx_word' id='word_1_44' title='bbox 1004 920 1086 976; x_wconf 90' lang='lat' dir='ltr'><strong>ut</strong></span> <span class='ocrx_word' id='word_1_45' title='bbox 1132 905 1285 976; x_wconf 90' lang='lat' dir='ltr'><strong>ludi</strong></span> <span class='ocrx_word' id='word_1_46' title='bbox 1330 906 1624 975; x_wconf 84' lang='lat' dir='ltr'><strong>maximi</strong></span> <span class='ocrx_word' id='word_1_47' title='bbox 1664 903 1922 975; x_wconf 83' lang='lat' dir='ltr'><strong>fierent</strong></span> <span class='ocrx_word' id='word_1_48' title='bbox 1969 919 2042 977; x_wconf 89' lang='lat' dir='ltr'><strong>et</strong></span> <span class='ocrx_word' id='word_1_49' title='bbox 2078 905 2230 976; x_wconf 87' lang='lat' dir='ltr'><strong>dies</strong></span> <span class='ocrx_word' id='word_1_50' title='bbox 2274 931 2463 978; x_wconf 90' lang='lat' dir='ltr'><strong>unus</strong></span> <span class='ocrx_word' id='word_1_51' title='bbox 2498 907 2593 978; x_wconf 91' lang='lat' dir='ltr'><strong>ad</strong></span> 
     </span>
     <span class='ocr_line' id='line_1_7' title="bbox 474 1014 2685 1112; baseline 0.001 -28"><span class='ocrx_word' id='word_1_52' title='bbox 474 1015 798 1087; x_wconf 86' lang='lat' dir='ltr'><strong>triduum</strong></span> <span class='ocrx_word' id='word_1_53' title='bbox 830 1016 1293 1112; x_wconf 82' lang='lat' dir='ltr'><strong>adjiceretur3</strong></span> <span class='ocrx_word' id='word_1_54' title='bbox 1330 1014 1830 1087; x_wconf 83' lang='lat' dir='ltr'><strong>recusantibus</strong></span> <span class='ocrx_word' id='word_1_55' title='bbox 1860 1016 1933 1085; x_wconf 90' lang='lat' dir='ltr'><strong>id</strong></span> <span class='ocrx_word' id='word_1_56' title='bbox 1972 1041 2238 1087; x_wconf 89' lang='lat' dir='ltr'><strong>munus</strong></span> <span class='ocrx_word' id='word_1_57' title='bbox 2267 1015 2590 1089; x_wconf 65' lang='lat' dir='ltr'><strong>oeslilibus</strong></span> <span class='ocrx_word' id='word_1_58' title='bbox 2674 1077 2685 1086; x_wconf 89' lang='lat'><strong>.</strong></span> 
     </span>
     <span class='ocr_line' id='line_1_8' title="bbox 475 1124 2592 1223; baseline 0.002 -28"><span class='ocrx_word' id='word_1_59' title='bbox 475 1124 746 1222; x_wconf 85' lang='lat' dir='ltr'><strong>plebis,</strong></span> <span class='ocrx_word' id='word_1_60' title='bbox 796 1128 1316 1201; x_wconf 83' lang='lat' dir='ltr'><strong>conclamatum</strong></span> <span class='ocrx_word' id='word_1_61' title='bbox 1357 1152 1398 1197; x_wconf 91' lang='lat' dir='ltr'><strong>a</strong></span> <span class='ocrx_word' id='word_1_62' title='bbox 1442 1126 1754 1223; x_wconf 88' lang='lat' dir='ltr'><strong>patriciis</strong></span> <span class='ocrx_word' id='word_1_63' title='bbox 1801 1140 1907 1197; x_wconf 86' lang='lat' dir='ltr'><strong>est</strong></span> <span class='ocrx_word' id='word_1_64' title='bbox 1939 1126 2363 1222; x_wconf 74' lang='lat' dir='ltr'><strong>juvenibu3,</strong></span> <span class='ocrx_word' id='word_1_65' title='bbox 2401 1153 2476 1201; x_wconf 87' lang='lat' dir='ltr'><strong>se</strong></span> <span class='ocrx_word' id='word_1_66' title='bbox 2513 1128 2592 1199; x_wconf 90' lang='lat' dir='ltr'><strong>id</strong></span> 
     </span>
     <span class='ocr_line' id='line_1_9' title="bbox 470 1236 2587 1324; baseline 0.001 -17"><span class='ocrx_word' id='word_1_67' title='bbox 470 1236 773 1309; x_wconf 90' lang='lat' dir='ltr'><strong>honoris</strong></span> <span class='ocrx_word' id='word_1_68' title='bbox 824 1239 1042 1310; x_wconf 88' lang='lat' dir='ltr'><strong>deum</strong></span> <span class='ocrx_word' id='word_1_69' title='bbox 1100 1239 1610 1309; x_wconf 87' lang='lat' dir='ltr'><strong>immortalium</strong></span> <span class='ocrx_word' id='word_1_70' title='bbox 1660 1261 1869 1308; x_wconf 87' lang='lat' dir='ltr'><strong>causa</strong></span> <span class='ocrx_word' id='word_1_71' title='bbox 1918 1236 2228 1310; x_wconf 88' lang='lat' dir='ltr'><strong>libenter</strong></span> <span class='ocrx_word' id='word_1_72' title='bbox 2271 1253 2587 1324; x_wconf 86' lang='lat' dir='ltr'><strong>acturos,</strong></span> 
     </span>
     <span class='ocr_line' id='line_1_10' title="bbox 468 1345 2592 1443; baseline -0.001 -25"><span class='ocrx_word' id='word_1_73' title='bbox 468 1363 550 1418; x_wconf 88' lang='lat' dir='ltr'><strong>ut</strong></span> <span class='ocrx_word' id='word_1_74' title='bbox 606 1348 843 1420; x_wconf 81' lang='lat' dir='ltr'><strong>aediles</strong></span> <span class='ocrx_word' id='word_1_75' title='bbox 887 1349 1167 1420; x_wconf 87' lang='lat' dir='ltr'><strong>fierent.</strong></span> <span class='ocrx_word' id='word_1_76' title='bbox 1211 1347 1493 1440; x_wconf 90' lang='lat' dir='ltr'><strong>Quibus</strong></span> <span class='ocrx_word' id='word_1_77' title='bbox 1535 1371 1762 1443; x_wconf 89' lang='lat' dir='ltr'><strong>quum</strong></span> <span class='ocrx_word' id='word_1_78' title='bbox 1812 1345 1903 1417; x_wconf 87' lang='lat' dir='ltr'><strong>ab</strong></span> <span class='ocrx_word' id='word_1_79' title='bbox 1956 1348 2301 1417; x_wconf 85' lang='lat' dir='ltr'><strong>universis</strong></span> <span class='ocrx_word' id='word_1_80' title='bbox 2348 1349 2592 1443; x_wconf 80' lang='lat' dir='ltr'><strong>gratiae</strong></span> 
     </span>
     <span class='ocr_line' id='line_1_11' title="bbox 472 1447 2588 1545; baseline -0.001 -17"><span class='ocrx_word' id='word_1_81' title='bbox 472 1472 644 1528; x_wconf 82' lang='lat' dir='ltr'><strong>actae</strong></span> <span class='ocrx_word' id='word_1_82' title='bbox 681 1447 1262 1539; x_wconf 49' lang='lat' dir='ltr'><strong>essent,&#39;factum</strong></span> <span class='ocrx_word' id='word_1_83' title='bbox 1298 1472 1588 1530; x_wconf 87' lang='lat' dir='ltr'><strong>senatus</strong></span> <span class='ocrx_word' id='word_1_84' title='bbox 1626 1455 2076 1545; x_wconf 84' lang='lat' dir='ltr'><strong>consultum,</strong></span> <span class='ocrx_word' id='word_1_85' title='bbox 2103 1471 2186 1526; x_wconf 90' lang='lat' dir='ltr'><strong>ut</strong></span> <span class='ocrx_word' id='word_1_86' title='bbox 2214 1457 2361 1528; x_wconf 91' lang='lat' dir='ltr'><strong>duo</strong></span> <span class='ocrx_word' id='word_1_87' title='bbox 2401 1459 2588 1526; x_wconf 84' lang='lat' dir='ltr'><strong>viros</strong></span> 
     </span>
     <span class='ocr_line' id='line_1_12' title="bbox 470 1564 2591 1667; baseline 0 -30"><span class='ocrx_word' id='word_1_88' title='bbox 470 1568 706 1637; x_wconf 86' lang='lat' dir='ltr'><strong>aediles</strong></span> <span class='ocrx_word' id='word_1_89' title='bbox 737 1593 826 1639; x_wconf 84' lang='lat' dir='ltr'><strong>ex</strong></span> <span class='ocrx_word' id='word_1_90' title='bbox 863 1568 1190 1640; x_wconf 88' lang='lat' dir='ltr'><strong>Patribus</strong></span> <span class='ocrx_word' id='word_1_91' title='bbox 1215 1569 1524 1640; x_wconf 90' lang='lat' dir='ltr'><strong>dictator</strong></span> <span class='ocrx_word' id='word_1_92' title='bbox 1559 1569 1912 1667; x_wconf 84' lang='lat' dir='ltr'><strong>populum</strong></span> <span class='ocrx_word' id='word_1_93' title='bbox 1941 1564 2270 1664; x_wconf 79' lang='lat' dir='ltr'><strong>rogaret⁸</strong></span> <span class='ocrx_word' id='word_1_94' title='bbox 2300 1595 2316 1635; x_wconf 73' lang='grc' dir='ltr'><strong><em>ε</em></strong></span> <span class='ocrx_word' id='word_1_95' title='bbox 2350 1573 2591 1638; x_wconf 87' lang='lat' dir='ltr'><strong>Patres</strong></span> 
     </span>
     <span class='ocr_line' id='line_1_13' title="bbox 471 1677 2250 1774; baseline 0 -29"><span class='ocrx_word' id='word_1_96' title='bbox 471 1690 801 1748; x_wconf 87' lang='lat' dir='ltr'><strong>auctores</strong></span> <span class='ocrx_word' id='word_1_97' title='bbox 847 1677 1189 1750; x_wconf 87' lang='lat' dir='ltr'><strong>omnibus</strong></span> <span class='ocrx_word' id='word_1_98' title='bbox 1231 1680 1388 1774; x_wconf 90' lang='lat' dir='ltr'><strong>ejus</strong></span> <span class='ocrx_word' id='word_1_99' title='bbox 1427 1680 1600 1750; x_wconf 89' lang='lat' dir='ltr'><strong>anni</strong></span> <span class='ocrx_word' id='word_1_100' title='bbox 1633 1680 1937 1752; x_wconf 89' lang='lat' dir='ltr'><strong>comitiis</strong></span> <span class='ocrx_word' id='word_1_101' title='bbox 1973 1677 2250 1749; x_wconf 85' lang='lat' dir='ltr'><strong>fierent.</strong></span> 
     </span>
    </p>
   </div>
   <div class='ocr_carea' id='block_1_3' title="bbox 448 1855 2593 3031">
    <p class='ocr_par' dir='ltr' id='par_1_3' title="bbox 458 1855 2593 2645">
     <span class='ocr_line' id='line_1_14' title="bbox 470 1855 2590 1934; baseline 0.002 -22"><span class='ocrx_word' id='word_1_102' title='bbox 470 1865 600 1913; x_wconf 87' lang='lat' dir='ltr'><strong>conf.</strong></span> <span class='ocrx_word' id='word_1_103' title='bbox 628 1881 734 1930; x_wconf 78' lang='lat' dir='ltr'><strong>cap.</strong></span> <span class='ocrx_word' id='word_1_104' title='bbox 760 1866 886 1931; x_wconf 80' lang='lat'>34);</span> <span class='ocrx_word' id='word_1_105' title='bbox 915 1869 1144 1916; x_wconf 80' lang='lat' dir='ltr'>XXVIII</span> <span class='ocrx_word' id='word_1_106' title='bbox 1161 1904 1175 1928; x_wconf 91' lang='lat'>,</span> <span class='ocrx_word' id='word_1_107' title='bbox 1212 1870 1278 1931; x_wconf 82' lang='lat'><strong>39</strong></span> <span class='ocrx_word' id='word_1_108' title='bbox 1296 1903 1311 1929; x_wconf 92' lang='lat'>‚</span> <span class='ocrx_word' id='word_1_109' title='bbox 1348 1886 1397 1915; x_wconf 90' lang='lat' dir='ltr'><strong>n.</strong></span> <span class='ocrx_word' id='word_1_110' title='bbox 1428 1884 1480 1927; x_wconf 82' lang='lat'><strong>13</strong></span> <span class='ocrx_word' id='word_1_111' title='bbox 1552 1855 1732 1933; x_wconf 38' lang='lat' dir='ltr'><strong>‘plebis</strong></span> <span class='ocrx_word' id='word_1_112' title='bbox 1759 1869 1903 1934; x_wconf 80' lang='lat' dir='ltr'><strong>(quae</strong></span> <span class='ocrx_word' id='word_1_113' title='bbox 1929 1869 2049 1916; x_wconf 82' lang='lat' dir='ltr'><strong>dura</strong></span> <span class='ocrx_word' id='word_1_114' title='bbox 2076 1881 2147 1917; x_wconf 83' lang='lat' dir='ltr'><strong>est</strong></span> <span class='ocrx_word' id='word_1_115' title='bbox 2169 1870 2375 1933; x_wconf 79' lang='lat' dir='ltr'><strong>ellipsis,</strong></span> <span class='ocrx_word' id='word_1_116' title='bbox 2403 1886 2430 1916; x_wconf 86' lang='lat' dir='ltr'><strong>e</strong></span> <span class='ocrx_word' id='word_1_117' title='bbox 2453 1886 2590 1934; x_wconf 71' lang='lat' dir='ltr'><strong>seqq.</strong></span> 
     </span>
     <span class='ocr_line' id='line_1_15' title="bbox 467 1946 2592 2011; baseline 0.002 -20"><span class='ocrx_word' id='word_1_118' title='bbox 467 1946 652 2004; x_wconf 87' lang='lat' dir='ltr'>XXX,</span> <span class='ocrx_word' id='word_1_119' title='bbox 682 1946 779 2004; x_wconf 77' lang='lat'><strong>43,</strong></span> <span class='ocrx_word' id='word_1_120' title='bbox 810 1963 860 1993; x_wconf 89' lang='lat' dir='ltr'><strong>n.</strong></span> <span class='ocrx_word' id='word_1_121' title='bbox 890 1946 948 2008; x_wconf 78' lang='lat'><strong>53</strong></span> <span class='ocrx_word' id='word_1_122' title='bbox 978 1958 1026 1994; x_wconf 87' lang='lat' dir='ltr'><strong>et</strong></span> <span class='ocrx_word' id='word_1_123' title='bbox 1061 1946 1123 1993; x_wconf 79' lang='lat' dir='ltr'><strong>ad</strong></span> <span class='ocrx_word' id='word_1_124' title='bbox 1156 1948 1378 1996; x_wconf 80' lang='lat' dir='ltr'><strong>Juvenal.</strong></span> <span class='ocrx_word' id='word_1_125' title='bbox 1405 1949 1481 2005; x_wconf 89' lang='lat' dir='ltr'><strong>X,</strong></span> <span class='ocrx_word' id='word_1_126' title='bbox 1570 1947 1832 2011; x_wconf 80' lang='lat' dir='ltr'><strong>repetenda</strong></span> <span class='ocrx_word' id='word_1_127' title='bbox 1851 1946 1903 2010; x_wconf 89' lang='lat'><strong>);</strong></span> <span class='ocrx_word' id='word_1_128' title='bbox 1949 1948 2276 1996; x_wconf 79' lang='lat' dir='ltr'><strong>recusantibus</strong></span> <span class='ocrx_word' id='word_1_129' title='bbox 2321 1947 2377 1995; x_wconf 80' lang='lat' dir='ltr'><strong>id</strong></span> <span class='ocrx_word' id='word_1_130' title='bbox 2418 1965 2592 1996; x_wconf 78' lang='lat' dir='ltr'><strong>munus</strong></span> 
     </span>
     <span class='ocr_line' id='line_1_16' title="bbox 470 2025 2593 2089; baseline 0 -15"><span class='ocrx_word' id='word_1_131' title='bbox 470 2025 561 2081; x_wconf 74' lang='lat'><strong>363</strong></span> <span class='ocrx_word' id='word_1_132' title='bbox 585 2025 766 2074; x_wconf 80' lang='lat' dir='ltr'><strong>Duker.</strong></span> <span class='ocrx_word' id='word_1_133' title='bbox 788 2026 899 2072; x_wconf 81' lang='lat' dir='ltr'><strong>infr.</strong></span> <span class='ocrx_word' id='word_1_134' title='bbox 922 2026 985 2073; x_wconf 78' lang='lat' dir='ltr'><strong>ad</strong></span> <span class='ocrx_word' id='word_1_135' title='bbox 1012 2028 1217 2085; x_wconf 91' lang='lat' dir='ltr'>XXIII,</span> <span class='ocrx_word' id='word_1_136' title='bbox 1241 2034 1333 2084; x_wconf 78' lang='grc' dir='ltr'><strong>4ο,</strong></span> <span class='ocrx_word' id='word_1_137' title='bbox 1356 2043 1408 2074; x_wconf 88' lang='grc' dir='ltr'><strong>ιι.</strong></span> <span class='ocrx_word' id='word_1_138' title='bbox 1437 2041 1481 2082; x_wconf 83' lang='lat'><strong>13</strong></span> <span class='ocrx_word' id='word_1_139' title='bbox 1569 2026 1788 2074; x_wconf 71' lang='lat' dir='ltr'><strong>aditibus</strong></span> <span class='ocrx_word' id='word_1_140' title='bbox 1804 2026 1986 2089; x_wconf 78' lang='lat' dir='ltr'><strong>plebis,</strong></span> <span class='ocrx_word' id='word_1_141' title='bbox 2016 2038 2109 2075; x_wconf 83' lang='lat' dir='ltr'><strong>etc.</strong></span> <span class='ocrx_word' id='word_1_142' title='bbox 2147 2027 2330 2080; x_wconf 66' lang='lat' dir='ltr'><strong>confa-</strong></span> <span class='ocrx_word' id='word_1_143' title='bbox 2347 2026 2593 2077; x_wconf 79' lang='lat' dir='ltr'><strong>Gronovii</strong></span> 
     </span>
     <span class='ocr_line' id='line_1_17' title="bbox 468 2104 2591 2174; baseline 0.002 -24"><span class='ocrx_word' id='word_1_144' title='bbox 468 2104 618 2151; x_wconf 78' lang='lat' dir='ltr'><strong>Drak.</strong></span> <span class='ocrx_word' id='word_1_145' title='bbox 648 2104 710 2151; x_wconf 86' lang='lat' dir='ltr'><strong>ad</strong></span> <span class='ocrx_word' id='word_1_146' title='bbox 739 2106 890 2152; x_wconf 85' lang='lat' dir='ltr'><strong>XXX</strong></span> <span class='ocrx_word' id='word_1_147' title='bbox 910 2140 924 2163; x_wconf 96' lang='lat'>,</span> <span class='ocrx_word' id='word_1_148' title='bbox 965 2122 1026 2174; x_wconf 47' lang='lat'><strong>2⁸,</strong></span> <span class='ocrx_word' id='word_1_149' title='bbox 1066 2121 1116 2152; x_wconf 87' lang='grc' dir='ltr'><strong>ιι.</strong></span> <span class='ocrx_word' id='word_1_150' title='bbox 1146 2113 1193 2160; x_wconf 75' lang='grc'><strong>4.</strong></span> <span class='ocrx_word' id='word_1_151' title='bbox 1225 2107 1350 2152; x_wconf 82' lang='lat' dir='ltr'><strong>Mox</strong></span> <span class='ocrx_word' id='word_1_152' title='bbox 1372 2122 1481 2153; x_wconf 85' lang='lat' dir='ltr'><strong>sen·</strong></span> <span class='ocrx_word' id='word_1_153' title='bbox 1569 2106 1972 2165; x_wconf 80' lang='lat' dir='ltr'><strong>Observationes,</strong></span> <span class='ocrx_word' id='word_1_154' title='bbox 1996 2108 2085 2164; x_wconf 89' lang='lat' dir='ltr'><strong>IV,</strong></span> <span class='ocrx_word' id='word_1_155' title='bbox 2107 2107 2190 2153; x_wconf 78' lang='lat'><strong>25.</strong></span> <span class='ocrx_word' id='word_1_156' title='bbox 2219 2107 2458 2156; x_wconf 64' lang='lat' dir='ltr'><strong>Ceterum</strong></span> <span class='ocrx_word' id='word_1_157' title='bbox 2479 2105 2591 2154; x_wconf 72' lang='lat' dir='ltr'><strong>baec</strong></span> 
     </span>
     <span class='ocr_line' id='line_1_18' title="bbox 466 2182 2593 2250; baseline 0.002 -22"><span class='ocrx_word' id='word_1_158' title='bbox 466 2183 617 2229; x_wconf 80' lang='lat' dir='ltr'><strong>tentia</strong></span> <span class='ocrx_word' id='word_1_159' title='bbox 635 2195 683 2230; x_wconf 85' lang='lat' dir='ltr'><strong>et</strong></span> <span class='ocrx_word' id='word_1_160' title='bbox 702 2182 849 2229; x_wconf 82' lang='lat' dir='ltr'><strong>verba</strong></span> <span class='ocrx_word' id='word_1_161' title='bbox 867 2184 1116 2247; x_wconf 86' lang='lat' dir='ltr'><strong>paululum</strong></span> <span class='ocrx_word' id='word_1_162' title='bbox 1140 2183 1328 2231; x_wconf 78' lang='lat' dir='ltr'><strong>turbata</strong></span> <span class='ocrx_word' id='word_1_163' title='bbox 1352 2200 1479 2247; x_wconf 86' lang='lat' dir='ltr'><strong>pro:</strong></span> <span class='ocrx_word' id='word_1_164' title='bbox 1569 2185 1699 2232; x_wconf 83' lang='lat' dir='ltr'><strong>fraus</strong></span> <span class='ocrx_word' id='word_1_165' title='bbox 1735 2195 1838 2231; x_wconf 81' lang='lat' dir='ltr'><strong>erat</strong></span> <span class='ocrx_word' id='word_1_166' title='bbox 1872 2186 2092 2243; x_wconf 81' lang='lat' dir='ltr'><strong>Pati-um,</strong></span> <span class='ocrx_word' id='word_1_167' title='bbox 2122 2185 2206 2247; x_wconf 86' lang='lat' dir='ltr'><strong>qui</strong></span> <span class='ocrx_word' id='word_1_168' title='bbox 2243 2185 2382 2232; x_wconf 83' lang='lat' dir='ltr'><strong>facile</strong></span> <span class='ocrx_word' id='word_1_169' title='bbox 2413 2184 2593 2250; x_wconf 82' lang='lat' dir='ltr'><strong>praevi-</strong></span> 
     </span>
     <span class='ocr_line' id='line_1_19' title="bbox 463 2261 2593 2328; baseline 0.003 -23"><span class='ocrx_word' id='word_1_170' title='bbox 463 2275 613 2322; x_wconf 74' lang='lat' dir='ltr'><strong>quum</strong></span> <span class='ocrx_word' id='word_1_171' title='bbox 648 2272 841 2307; x_wconf 75' lang='lat' dir='ltr'><strong>senatus</strong></span> <span class='ocrx_word' id='word_1_172' title='bbox 877 2274 1089 2309; x_wconf 81' lang='lat' dir='ltr'><strong>censeret</strong></span> <span class='ocrx_word' id='word_1_173' title='bbox 1121 2277 1231 2309; x_wconf 86' lang='lat' dir='ltr'><strong>eam</strong></span> <span class='ocrx_word' id='word_1_174' title='bbox 1271 2275 1370 2308; x_wconf 77' lang='lat' dir='ltr'><strong>rem</strong></span> <span class='ocrx_word' id='word_1_175' title='bbox 1407 2261 1482 2308; x_wconf 79' lang='lat' dir='ltr'><strong>di-</strong></span> <span class='ocrx_word' id='word_1_176' title='bbox 1570 2263 1774 2320; x_wconf 84' lang='lat' dir='ltr'><strong>debant,</strong></span> <span class='ocrx_word' id='word_1_177' title='bbox 1794 2262 1959 2310; x_wconf 80' lang='lat' dir='ltr'><strong>aediles</strong></span> <span class='ocrx_word' id='word_1_178' title='bbox 1975 2264 2158 2328; x_wconf 79' lang='lat' dir='ltr'><strong>plebis,</strong></span> <span class='ocrx_word' id='word_1_179' title='bbox 2176 2263 2351 2327; x_wconf 77' lang='lat' dir='ltr'><strong>quibus</strong></span> <span class='ocrx_word' id='word_1_180' title='bbox 2361 2263 2593 2312; x_wconf 84' lang='lat' dir='ltr'><strong>ludorum</strong></span> 
     </span>
     <span class='ocr_line' id='line_1_20' title="bbox 458 2340 2593 2408; baseline 0.004 -24"><span class='ocrx_word' id='word_1_181' title='bbox 458 2354 611 2402; x_wconf 74' lang='lat' dir='ltr'><strong>gnam</strong></span> <span class='ocrx_word' id='word_1_182' title='bbox 631 2355 755 2395; x_wconf 82' lang='lat' dir='ltr'><strong>esse,</strong></span> <span class='ocrx_word' id='word_1_183' title='bbox 783 2350 837 2385; x_wconf 86' lang='lat' dir='ltr'><strong>ut</strong></span> <span class='ocrx_word' id='word_1_184' title='bbox 854 2340 960 2386; x_wconf 78' lang='lat' dir='ltr'><em>ludi</em></span> <span class='ocrx_word' id='word_1_185' title='bbox 978 2340 1186 2388; x_wconf 74' lang='lat' dir='ltr'><strong>maximi</strong></span> <span class='ocrx_word' id='word_1_186' title='bbox 1185 2340 1369 2408; x_wconf 86' lang='lat' dir='ltr'><strong>fierent</strong></span> <span class='ocrx_word' id='word_1_187' title='bbox 1386 2341 1406 2406; x_wconf 97' lang='lat'>(</span> <span class='ocrx_word' id='word_1_188' title='bbox 1417 2341 1482 2387; x_wconf 87' lang='lat' dir='ltr'><strong>cf.</strong></span> <span class='ocrx_word' id='word_1_189' title='bbox 1571 2358 1686 2389; x_wconf 85' lang='lat' dir='ltr'><strong>cura</strong></span> <span class='ocrx_word' id='word_1_190' title='bbox 1714 2352 1815 2388; x_wconf 83' lang='lat' dir='ltr'><strong>erat</strong></span> <span class='ocrx_word' id='word_1_191' title='bbox 1841 2343 2093 2390; x_wconf 77' lang='lat' dir='ltr'><strong>commissa</strong></span> <span class='ocrx_word' id='word_1_192' title='bbox 2105 2347 2138 2402; x_wconf 72' lang='grc'><strong>,’”</strong></span> <span class='ocrx_word' id='word_1_193' title='bbox 2148 2342 2201 2389; x_wconf 89' lang='lat' dir='ltr'><strong>id</strong></span> <span class='ocrx_word' id='word_1_194' title='bbox 2223 2343 2385 2391; x_wconf 73' lang='lat' dir='ltr'><strong>oneris</strong></span> <span class='ocrx_word' id='word_1_195' title='bbox 2405 2360 2593 2392; x_wconf 73' lang='lat' dir='ltr'><strong>recusa-</strong></span> 
     </span>
     <span class='ocr_line' id='line_1_21' title="bbox 466 2414 2589 2486; baseline 0.004 -24"><span class='ocrx_word' id='word_1_196' title='bbox 466 2417 661 2472; x_wconf 87' lang='lat' dir='ltr'>XXIV,</span> <span class='ocrx_word' id='word_1_197' title='bbox 685 2418 746 2462; x_wconf 85' lang='lat'><strong>16</strong></span> <span class='ocrx_word' id='word_1_198' title='bbox 768 2414 912 2479; x_wconf 80' lang='lat' dir='ltr'><strong>extr.)</strong></span> <span class='ocrx_word' id='word_1_199' title='bbox 927 2450 942 2473; x_wconf 92' lang='lat'>,</span> <span class='ocrx_word' id='word_1_200' title='bbox 972 2429 1021 2464; x_wconf 87' lang='lat' dir='ltr'><strong>et</strong></span> <span class='ocrx_word' id='word_1_201' title='bbox 1046 2417 1146 2465; x_wconf 81' lang='lat' dir='ltr'><strong>dies</strong></span> <span class='ocrx_word' id='word_1_202' title='bbox 1171 2434 1291 2465; x_wconf 81' lang='lat' dir='ltr'><strong>nnus</strong></span> <span class='ocrx_word' id='word_1_203' title='bbox 1315 2419 1387 2465; x_wconf 88' lang='lat' dir='ltr'><strong>ad</strong></span> <span class='ocrx_word' id='word_1_204' title='bbox 1403 2419 1482 2464; x_wconf 84' lang='lat' dir='ltr'><strong>tri-</strong></span> <span class='ocrx_word' id='word_1_205' title='bbox 1569 2432 1705 2467; x_wconf 83' lang='lat' dir='ltr'><strong>turos</strong></span> <span class='ocrx_word' id='word_1_206' title='bbox 1724 2455 1738 2478; x_wconf 93' lang='lat'>,</span> <span class='ocrx_word' id='word_1_207' title='bbox 1769 2430 1818 2467; x_wconf 87' lang='lat' dir='ltr'><strong>et</strong></span> <span class='ocrx_word' id='word_1_208' title='bbox 1856 2422 2049 2486; x_wconf 80' lang='lat' dir='ltr'><strong>plebem</strong></span> <span class='ocrx_word' id='word_1_209' title='bbox 2082 2438 2185 2486; x_wconf 79' lang='lat' dir='ltr'><strong>prae</strong></span> <span class='ocrx_word' id='word_1_210' title='bbox 2218 2423 2373 2470; x_wconf 85' lang='lat' dir='ltr'><strong>nimio</strong></span> <span class='ocrx_word' id='word_1_211' title='bbox 2409 2423 2589 2486; x_wconf 80' lang='lat' dir='ltr'><strong>gaudio</strong></span> 
     </span>
     <span class='ocr_line' id='line_1_22' title="bbox 466 2492 2589 2563; baseline 0.005 -26"><span class='ocrx_word' id='word_1_212' title='bbox 466 2492 615 2539; x_wconf 82' lang='lat' dir='ltr'><strong>duum</strong></span> <span class='ocrx_word' id='word_1_213' title='bbox 635 2493 928 2557; x_wconf 56' lang='lat' dir='ltr'><strong>adjiceretur</strong></span> <span class='ocrx_word' id='word_1_214' title='bbox 950 2493 1018 2558; x_wconf 81' lang='lat' dir='ltr'><strong>(v.</strong></span> <span class='ocrx_word' id='word_1_215' title='bbox 1037 2495 1099 2543; x_wconf 83' lang='lat' dir='ltr'><strong>ad</strong></span> <span class='ocrx_word' id='word_1_216' title='bbox 1119 2499 1169 2543; x_wconf 94' lang='lat' dir='ltr'><strong>II</strong></span> <span class='ocrx_word' id='word_1_217' title='bbox 1183 2531 1197 2554; x_wconf 95' lang='lat'>,</span> <span class='ocrx_word' id='word_1_218' title='bbox 1221 2496 1312 2555; x_wconf 81' lang='lat'><strong>36,</strong></span> <span class='ocrx_word' id='word_1_219' title='bbox 1333 2514 1382 2544; x_wconf 87' lang='grc' dir='ltr'><strong>ιι.</strong></span> <span class='ocrx_word' id='word_1_220' title='bbox 1405 2497 1453 2563; x_wconf 85' lang='lat'><strong>1)</strong></span> <span class='ocrx_word' id='word_1_221' title='bbox 1465 2531 1479 2555; x_wconf 89' lang='lat'>,</span> <span class='ocrx_word' id='word_1_222' title='bbox 1570 2498 1739 2547; x_wconf 85' lang='lat' dir='ltr'><strong>dolum</strong></span> <span class='ocrx_word' id='word_1_223' title='bbox 1751 2515 1854 2548; x_wconf 87' lang='lat' dir='ltr'><strong>non</strong></span> <span class='ocrx_word' id='word_1_224' title='bbox 1869 2518 2115 2548; x_wconf 81' lang='lat' dir='ltr'><strong>sensuram</strong></span> <span class='ocrx_word' id='word_1_225' title='bbox 2134 2518 2334 2549; x_wconf 80' lang='lat' dir='ltr'><strong>esse.—-</strong></span> <span class='ocrx_word' id='word_1_226' title='bbox 2347 2503 2412 2549; x_wconf 85' lang='lat' dir='ltr'><strong>Ut</strong></span> <span class='ocrx_word' id='word_1_227' title='bbox 2424 2502 2589 2549; x_wconf 77' lang='lat' dir='ltr'><strong>oediles</strong></span> 
     </span>
     <span class='ocr_line' id='line_1_23' title="bbox 464 2569 2316 2645; baseline 0.005 -29"><span class='ocrx_word' id='word_1_228' title='bbox 464 2572 727 2634; x_wconf 85' lang='lat' dir='ltr'><strong>meritoque</strong></span> <span class='ocrx_word' id='word_1_229' title='bbox 740 2569 809 2626; x_wconf 85' lang='lat' dir='ltr'><strong>id,</strong></span> <span class='ocrx_word' id='word_1_230' title='bbox 825 2572 1078 2635; x_wconf 81' lang='lat' dir='ltr'><strong>siquando</strong></span> <span class='ocrx_word' id='word_1_231' title='bbox 1098 2590 1313 2638; x_wconf 80' lang='lat' dir='ltr'><strong>unquam</strong></span> <span class='ocrx_word' id='word_1_232' title='bbox 1326 2574 1476 2632; x_wconf 78' lang='lat' dir='ltr'><strong>alias,</strong></span> <span class='ocrx_word' id='word_1_233' title='bbox 1553 2578 1762 2645; x_wconf 81' lang='lat' dir='ltr'><strong>fierent,</strong></span> <span class='ocrx_word' id='word_1_234' title='bbox 1789 2580 1900 2628; x_wconf 86' lang='lat' dir='ltr'><strong>vide</strong></span> <span class='ocrx_word' id='word_1_235' title='bbox 1922 2581 1987 2628; x_wconf 81' lang='lat' dir='ltr'><strong>ad</strong></span> <span class='ocrx_word' id='word_1_236' title='bbox 2004 2583 2069 2639; x_wconf 91' lang='lat' dir='ltr'><strong>V,</strong></span> <span class='ocrx_word' id='word_1_237' title='bbox 2095 2581 2175 2642; x_wconf 83' lang='lat'><strong>15,</strong></span> <span class='ocrx_word' id='word_1_238' title='bbox 2195 2598 2246 2628; x_wconf 84' lang='lat' dir='ltr'><strong>n.</strong></span> <span class='ocrx_word' id='word_1_239' title='bbox 2266 2582 2316 2628; x_wconf 87' lang='grc'><strong>6.</strong></span> 
     </span>
    </p>

    <p class='ocr_par' dir='ltr' id='par_1_4' title="bbox 448 2649 2587 3031">
     <span class='ocr_line' id='line_1_24' title="bbox 464 2649 2587 2723; baseline 0.005 -29"><span class='ocrx_word' id='word_1_240' title='bbox 464 2649 605 2695; x_wconf 85' lang='lat' dir='ltr'><strong>deum</strong></span> <span class='ocrx_word' id='word_1_241' title='bbox 671 2650 1012 2697; x_wconf 64' lang='lat' dir='ltr'><strong>immortalium</strong></span> <span class='ocrx_word' id='word_1_242' title='bbox 1067 2669 1219 2699; x_wconf 82' lang='lat' dir='ltr'><strong>causa</strong></span> <span class='ocrx_word' id='word_1_243' title='bbox 1285 2653 1484 2701; x_wconf 79' lang='lat' dir='ltr'><strong>libenter</strong></span> <span class='ocrx_word' id='word_1_244' title='bbox 1644 2659 1690 2704; x_wconf 85' lang='lat'><strong>8.</strong></span> <span class='ocrx_word' id='word_1_245' title='bbox 1732 2661 1794 2704; x_wconf 85' lang='lat' dir='ltr'><strong>Ut</strong></span> <span class='ocrx_word' id='word_1_246' title='bbox 1825 2658 1922 2706; x_wconf 84' lang='lat' dir='ltr'><strong>duo</strong></span> <span class='ocrx_word' id='word_1_247' title='bbox 1956 2658 2043 2723; x_wconf 80' lang='lat' dir='ltr'><strong>(al.</strong></span> <span class='ocrx_word' id='word_1_248' title='bbox 2073 2659 2223 2715; x_wconf 87' lang='lat' dir='ltr'><strong>duos;</strong></span> <span class='ocrx_word' id='word_1_249' title='bbox 2253 2657 2341 2706; x_wconf 76' lang='lat' dir='ltr'><strong>sed</strong></span> <span class='ocrx_word' id='word_1_250' title='bbox 2374 2657 2485 2705; x_wconf 82' lang='lat' dir='ltr'><strong>vide</strong></span> <span class='ocrx_word' id='word_1_251' title='bbox 2519 2658 2587 2705; x_wconf 78' lang='lat' dir='ltr'><strong>ad</strong></span> 
     </span>
     <span class='ocr_line' id='line_1_25' title="bbox 448 2726 2587 2800; baseline 0.004 -26"><span class='ocrx_word' id='word_1_252' title='bbox 448 2726 677 2793; x_wconf 85' lang='lat' dir='ltr'><strong>facturos</strong></span> <span class='ocrx_word' id='word_1_253' title='bbox 693 2763 708 2784; x_wconf 90' lang='lat'>,</span> <span class='ocrx_word' id='word_1_254' title='bbox 747 2739 997 2777; x_wconf 83' lang='lat' dir='ltr'><strong>curaturos</strong></span> <span class='ocrx_word' id='word_1_255' title='bbox 1017 2765 1031 2789; x_wconf 91' lang='lat'>,</span> <span class='ocrx_word' id='word_1_256' title='bbox 1057 2729 1176 2796; x_wconf 76' lang='lat' dir='ltr'><strong>fhre</strong></span> <span class='ocrx_word' id='word_1_257' title='bbox 1187 2765 1203 2787; x_wconf 90' lang='lat'>,</span> <span class='ocrx_word' id='word_1_258' title='bbox 1245 2748 1348 2779; x_wconf 78' lang='lat' dir='ltr'><strong>esse</strong></span> <span class='ocrx_word' id='word_1_259' title='bbox 1393 2731 1479 2799; x_wconf 90' lang='lat' dir='ltr'><strong>(ut</strong></span> <span class='ocrx_word' id='word_1_260' title='bbox 1568 2738 1669 2794; x_wconf 90' lang='lat'>111,</span> <span class='ocrx_word' id='word_1_261' title='bbox 1689 2735 1752 2781; x_wconf 76' lang='lat'><strong>62</strong></span> <span class='ocrx_word' id='word_1_262' title='bbox 1770 2770 1783 2794; x_wconf 94' lang='lat'>,</span> <span class='ocrx_word' id='word_1_263' title='bbox 1801 2753 1850 2782; x_wconf 90' lang='grc' dir='ltr'><strong>ιι.</strong></span> <span class='ocrx_word' id='word_1_264' title='bbox 1871 2734 1931 2800; x_wconf 81' lang='grc'><strong>4)</strong></span> <span class='ocrx_word' id='word_1_265' title='bbox 1948 2737 2081 2783; x_wconf 82' lang='lat' dir='ltr'><strong>viros</strong></span> <span class='ocrx_word' id='word_1_266' title='bbox 2100 2737 2265 2784; x_wconf 83' lang='lat' dir='ltr'><strong>oediles</strong></span> <span class='ocrx_word' id='word_1_267' title='bbox 2284 2752 2349 2783; x_wconf 73' lang='lat' dir='ltr'><strong>ex</strong></span> <span class='ocrx_word' id='word_1_268' title='bbox 2362 2734 2587 2782; x_wconf 82' lang='lat' dir='ltr'><strong>Patribus</strong></span> 
     </span>
     <span class='ocr_line' id='line_1_26' title="bbox 467 2808 2586 2879; baseline 0.004 -26"><span class='ocrx_word' id='word_1_269' title='bbox 467 2808 637 2865; x_wconf 85' lang='lat' dir='ltr'>XXV,</span> <span class='ocrx_word' id='word_1_270' title='bbox 663 2816 760 2865; x_wconf 74' lang='lat'><strong>243</strong></span> <span class='ocrx_word' id='word_1_271' title='bbox 796 2809 1001 2867; x_wconf 81' lang='lat' dir='ltr'>XXVI,</span> <span class='ocrx_word' id='word_1_272' title='bbox 1034 2812 1102 2858; x_wconf 76' lang='lat'><strong>26</strong></span> <span class='ocrx_word' id='word_1_273' title='bbox 1123 2827 1138 2866; x_wconf 73' lang='grc' dir='ltr'><strong><em>ς</em></strong></span> <span class='ocrx_word' id='word_1_274' title='bbox 1171 2812 1352 2858; x_wconf 85' lang='lat' dir='ltr'>XXIX</span> <span class='ocrx_word' id='word_1_275' title='bbox 1367 2845 1380 2869; x_wconf 94' lang='lat'>,</span> <span class='ocrx_word' id='word_1_276' title='bbox 1421 2813 1477 2870; x_wconf 78' lang='lat'><strong>33</strong></span> <span class='ocrx_word' id='word_1_277' title='bbox 1567 2813 2017 2878; x_wconf 75' lang='lat' dir='ltr'><strong>dictator-populum</strong></span> <span class='ocrx_word' id='word_1_278' title='bbox 2035 2827 2251 2879; x_wconf 79' lang='lat' dir='ltr'><strong>rogaret,</strong></span> <span class='ocrx_word' id='word_1_279' title='bbox 2271 2814 2385 2861; x_wconf 87' lang='lat' dir='ltr'><strong>vide</strong></span> <span class='ocrx_word' id='word_1_280' title='bbox 2401 2814 2462 2861; x_wconf 85' lang='lat' dir='ltr'><strong>ad</strong></span> <span class='ocrx_word' id='word_1_281' title='bbox 2481 2816 2586 2872; x_wconf 90' lang='lat'>111,</span> 
     </span>
     <span class='ocr_line' id='line_1_27' title="bbox 464 2887 2579 2960; baseline 0.003 -28"><span class='ocrx_word' id='word_1_282' title='bbox 464 2887 645 2945; x_wconf 85' lang='lat' dir='ltr'>XXX,</span> <span class='ocrx_word' id='word_1_283' title='bbox 667 2900 723 2943; x_wconf 76' lang='lat'><strong>23</strong></span> <span class='ocrx_word' id='word_1_284' title='bbox 747 2888 966 2945; x_wconf 83' lang='lat' dir='ltr'>XXXV,</span> <span class='ocrx_word' id='word_1_285' title='bbox 991 2889 1080 2948; x_wconf 73' lang='lat'><strong>133</strong></span> <span class='ocrx_word' id='word_1_286' title='bbox 1105 2889 1230 2937; x_wconf 88' lang='lat' dir='ltr'><strong>Gell.</strong></span> <span class='ocrx_word' id='word_1_287' title='bbox 1257 2892 1332 2949; x_wconf 88' lang='lat' dir='ltr'><strong>X,</strong></span> <span class='ocrx_word' id='word_1_288' title='bbox 1362 2907 1406 2949; x_wconf 72' lang='grc' dir='ltr'><strong>ις</strong></span> <span class='ocrx_word' id='word_1_289' title='bbox 1428 2901 1478 2938; x_wconf 86' lang='lat' dir='ltr'><strong>et</strong></span> <span class='ocrx_word' id='word_1_290' title='bbox 1566 2892 1657 2950; x_wconf 72' lang='lat'><strong>64,</strong></span> <span class='ocrx_word' id='word_1_291' title='bbox 1687 2908 1737 2940; x_wconf 87' lang='lat' dir='ltr'><strong>n.</strong></span> <span class='ocrx_word' id='word_1_292' title='bbox 1774 2892 1820 2939; x_wconf 82' lang='lat'><strong>5.</strong></span> <span class='ocrx_word' id='word_1_293' title='bbox 1843 2918 1911 2928; x_wconf 90' lang='lat'><strong>--</strong></span> <span class='ocrx_word' id='word_1_294' title='bbox 1927 2895 2099 2939; x_wconf 83' lang='lat' dir='ltr'><strong>Patres</strong></span> <span class='ocrx_word' id='word_1_295' title='bbox 2125 2903 2345 2940; x_wconf 82' lang='lat' dir='ltr'><strong>auctores</strong></span> <span class='ocrx_word' id='word_1_296' title='bbox 2362 2891 2579 2960; x_wconf 59' lang='lat' dir='ltr'><strong>flerat,v</strong></span> 
     </span>
     <span class='ocr_line' id='line_1_28' title="bbox 466 2959 2542 3031; baseline 0.002 -18"><span class='ocrx_word' id='word_1_297' title='bbox 466 2962 569 3013; x_wconf 84' lang='lat' dir='ltr'><strong>Cic.</strong></span> <span class='ocrx_word' id='word_1_298' title='bbox 589 2964 653 3012; x_wconf 81' lang='lat' dir='ltr'><strong>ad</strong></span> <span class='ocrx_word' id='word_1_299' title='bbox 670 2966 839 3023; x_wconf 83' lang='lat' dir='ltr'><strong>Att.V,</strong></span> <span class='ocrx_word' id='word_1_300' title='bbox 858 2982 952 3024; x_wconf 60' lang='grc' dir='ltr'><strong>πο,</strong></span> <span class='ocrx_word' id='word_1_301' title='bbox 979 2964 1090 3031; x_wconf 81' lang='lat'>21),</span> <span class='ocrx_word' id='word_1_302' title='bbox 1111 2968 1296 3017; x_wconf 75' lang='lat' dir='ltr'><strong>scilicet</strong></span> <span class='ocrx_word' id='word_1_303' title='bbox 1313 2969 1477 3017; x_wconf 80' lang='lat' dir='ltr'><strong>aediles</strong></span> <span class='ocrx_word' id='word_1_304' title='bbox 1564 2970 1677 3017; x_wconf 86' lang='lat' dir='ltr'><strong>vide</strong></span> <span class='ocrx_word' id='word_1_305' title='bbox 1698 2969 1762 3017; x_wconf 85' lang='lat' dir='ltr'><strong>ad</strong></span> <span class='ocrx_word' id='word_1_306' title='bbox 1787 2973 1834 3030; x_wconf 89' lang='lat'><strong>1,</strong></span> <span class='ocrx_word' id='word_1_307' title='bbox 1869 2986 1950 3029; x_wconf 84' lang='lat'><strong>17,</strong></span> <span class='ocrx_word' id='word_1_308' title='bbox 1974 2987 2023 3017; x_wconf 88' lang='lat' dir='ltr'><strong>n.</strong></span> <span class='ocrx_word' id='word_1_309' title='bbox 2046 2970 2093 3017; x_wconf 89' lang='grc'><strong>6.</strong></span> <span class='ocrx_word' id='word_1_310' title='bbox 2536 2959 2542 2964; x_wconf 46' lang='grc'><em>’</em></span> 
     </span>
    </p>
   </div>
   <div class='ocr_carea' id='block_1_4' title="bbox 2976 69 2980 616">
    <p class='ocr_par' dir='ltr' id='par_1_5' title="bbox 2976 69 2980 616">
     <span class='ocr_line' id='line_1_29' title="bbox 2976 69 2980 616; baseline 0 0"><span class='ocrx_word' id='word_1_311' title='bbox 2976 69 2980 616; x_wconf 95' lang='lat' dir='ltr'><strong> </strong></span> 
     </span>
    </p>
   </div>
   <div class='ocr_carea' id='block_1_5' title="bbox 2980 1336 2985 2050">
    <p class='ocr_par' dir='ltr' id='par_1_6' title="bbox 2980 1336 2985 2050">
     <span class='ocr_line' id='line_1_30' title="bbox 2980 1336 2985 2050; baseline 0 0"><span class='ocrx_word' id='word_1_312' title='bbox 2980 1336 2985 2050; x_wconf 95' lang='lat' dir='ltr'><strong> </strong></span> 
     </span>
    </p>
   </div>
  </div>
 </body>
</html>
