3000 4717
469 308 517 347 A.
545 305 591 348 C.
619 307 710 347 383.

467 367 708 420 u.c.³s9.
985 323 1304 393 LIBER
1352 323 1481 391 VI.
1539 318 1746 390 CAP.
1798 313 1933 384 VI.
2388 307 2530 405 249

421 444 633 547 bique
681 446 1110 519 destinatum
1148 450 1222 514 in
1263 450 1508 514 animo
1547 463 1693 512 esse
1708 489 1728 527 ,
1794 432 2091 509 Camillo
2127 430 2530 504 submittere

418 564 792 658 imperium
823 581 844 625 .·
874 580 1005 628 nec
1020 556 1422 653 quidquam
1450 552 1544 623 de
1567 562 1942 645 majestate
1965 570 2103 650 sua
2129 543 2530 615 detractum

416 670 733 756 credere,
770 665 975 766 quod
989 665 1352 758 majestati
1365 665 1515 759 ejus
1530 667 1679 733 viri
1696 661 2221 731 concessissent.
2258 654 2534 725 Collau-

416 780 598 852 datis
611 778 704 851 ab
717 792 968 851 senatu
989 776 1326 865 tribunis,
1358 788 1430 846 et
1453 775 1608 871 ipse
1634 768 2009 856 CamilluS‚
2037 763 2379 838 confusus
2392 765 2536 835 ani-

414 916 539 963 mo
550 947 569 976 ‚
586 890 846 988 gratias
862 889 1027 986 egit.
1046 893 1333 986 Ingens,
1351 884 1522 956 inde
1537 884 1635 954 ait
1648 935 1668 971 ‚
1682 906 1865 953 onus
1879 904 1928 949 a
1928 873 2215 977 populo
2230 896 2535 943 romano

414 1001 576 1088 sibi,
596 1006 726 1099 qui
738 1027 815 1071 se
833 998 1253 1072 dictatorem
1258 1022 1428 1092 Jam
1451 1009 1788 1093 quartum
1800 997 2169 1073 creasset2,
2193 1007 2539 1081 magnum

413 1127 724 1183 asenatu
738 1110 994 1183 talibus
1006 1109 1099 1181 de
1108 1134 1187 1181 se
1180 1107 1483 1204 judiciis
1492 1106 1647 1200 ejus
1658 1101 1948 1187 ordinis,
1968 1101 2375 1169 maximum
2392 1109 2543 1163 tam

418 1222 940 1294 honoratorum
971 1218 1405 1317 collegarum
1437 1215 1781 1311 obsequio
1824 1211 2126 1306 injungi.
2177 1213 2440 1303 Itaque
2479 1207 2543 1275 si

417 1332 599 1430 quid
621 1332 886 1404 laboris
907 1330 1464 1427 vigiliarumque
1487 1325 1718 1419 adjici
1726 1327 1990 1422 possit,
2023 1333 2410 1390 certantem
2437 1340 2539 1386 se-

414 1469 582 1515 cum
596 1450 833 1542 ipsum
852 1446 1272 1513 annisurum
1286 1494 1309 1526 ,
1333 1453 1419 1510 ut
1438 1451 1638 1508 tanto
1656 1435 1748 1504 de
1773 1456 1849 1504 se
1875 1453 2221 1502 consensu
2247 1428 2543 1499 civitatis

419 1559 827 1651 opinionem
838 1606 859 1640 ,
879 1574 1048 1650 quae
1065 1555 1394 1621 maxima
1411 1554 1532 1633 sit,
1553 1550 1774 1618 etiam
1788 1556 2231 1616 constantem
2243 1541 2536 1636 efficiat.

425 1663 646 1753 Quod
664 1663 774 1732 ad
785 1660 1050 1733 bellum
1069 1675 1291 1758 atque
1307 1659 1637 1728 Antiates
1652 1660 1983 1738 attineat,
1985 1650 2164 1750 plus
2182 1650 2285 1721 ibi
2297 1655 2541 1720 mina-

421 1798 584 1845 rum
593 1827 615 1862 ,
633 1798 864 1871 quam
859 1771 1203 1872 periculi,
1225 1796 1397 1844 esse.
1420 1775 1514 1842 Se
1526 1784 1761 1840 tamen
1773 1821 1795 1854 ,
1813 1781 1893 1837 ut
1904 1763 2089 1836 nihil
2097 1753 2420 1847 timendi,
2440 1765 2540 1833 sic

418 1883 615 1955 nihil
632 1882 1133 1972 contemnendi
1154 1896 1517 1962 auctorem
1551 1903 1716 1951 esse.
1759 1874 2269 1950 Circumsederi
2290 1872 2546 1943 urbem

418 2016 803 2084 romanam
836 1992 938 2062 ab
969 1990 1245 2062 invidia
1288 2006 1359 2060 et
1399 1988 1574 2061 odio
1592 1990 2084 2083 finitimorum
2125 2011 2145 2053 .·
2189 1989 2433 2081 itaque
2476 1997 2549 2054 et

418 2102 717 2173 ducibus
740 2100 1079 2201 pluribus
1113 2105 1189 2172 'et
1219 2101 1641 2171 exercitibus
1665 2084 2321 2169 administrandam
2356 2119 2543 2166 rem-

402 2211 784 2306 publicam
810 2237 979 2284 esse.
1040 2217 1173 2299 Te,
1214 2212 1486 2308 inquit,
1522 2216 1604 2281 P.
1646 2208 1925 2295 Valeri,
1962 2211 2234 2279 socium
2269 2209 2551 2302 imperii

422 2320 862 2419 consiliique,
889 2320 1203 2418 legiones
1224 2346 1507 2394 mecum
1524 2320 1867 2393 adversus-
1879 2321 2248 2389 Antiatem
2270 2315 2544 2386 hostem

423 2426 684 2499 ducere
697 2424 989 2528 placet.-
1028 2449 1127 2519 te,
1173 2438 1256 2525 Q.
1288 2433 1563 2519 Servili,
1598 2431 1831 2504 altero
1865 2433 2176 2501 exercitu
2210 2433 2546 2499 instructo

405 2555 857 2637 paratoque,
892 2547 964 2611 in
992 2542 1169 2614 urbe
1189 2560 1424 2615 castra
1448 2544 1721 2615 habere
1732 2574 1759 2632 ,-
1791 2526 2139 2613 intentum
2164 2546 2310 2611 sive
2328 2544 2397 2609 E
2401 2555 2544 2609 tru-

422 2655 535 2721 ria
570 2675 648 2721 se
678 2657 995 2739 interim,
1038 2669 1119 2722 ut
1144 2679 1408 2751 nuper,
1455 2661 1598 2726 sive
1639 2679 1829 2727 nova
1863 2654 2022 2725 haec
2059 2679 2232 2725 cura
2252 2706 2270 2735 ,
2312 2655 2555 2724 Latini

421 2777 645 2858 atque
673 2766 977 2833 Hernici
989 2759 1042 2848 ³,
1094 2771 1457 2834 moverint.
1505 2770 1650 2834 Pro
1694 2780 1882 2836 certo
1926 2764 2162 2834 habeo
2177 2816 2198 2849 ,
2252 2767 2350 2831 ita
2395 2783 2550 2830 rem

416 2887 821 2969 gesturum,
863 2888 942 2942 ut
969 2889 1183 2969 patre
1198 2926 1216 2954 ,
1248 2898 1385 2944 avo
1400 2928 1421 2960 ,
1454 2889 1665 2970 teque
1698 2878 1852 2970 ipso
1887 2897 1977 2943 ac
2006 2896 2135 2942 sea:
2168 2870 2548 2941 tribunati-

422 2982 555 3053 bus
570 2986 601 3035 4
634 2984 932 3081 dignum
958 3001 1078 3056 est.
1114 2989 1386 3057 Tertius
1416 2989 1770 3056 exercitus
1804 3009 1901 3054 ex
1933 2986 2282 3054 causariis
2312 2985 2550 3050 senio-

422 3093 764 3191 ribusque
790 3121 841 3166 a
862 3100 940 3168 L.
962 3100 1258 3190 Quintio
1290 3096 1676 3182 scribatur,
1701 3098 1832 3191 qui
1851 3092 2033 3164 Urbi
2053 3088 2552 3187 moenibusque

1606 3284 1648 3330 3.
1668 3282 1811 3329 Nova
1832 3278 1936 3328 hoee
1957 3295 2157 3337 eura,...
2179 3274 2401 3334 Hernici,
2429 3275 2551 3325 novi

1530 3361 1724 3421 hostes,
1752 3360 1838 3425 qui
1858 3376 1992 3409 nunc
2016 3374 2216 3423 quoque
2235 3373 2328 3404 nos
2346 3371 2462 3404 cura
2482 3355 2552 3403 af-

497 3293 547 3324 2.
579 3278 675 3339 Qui
694 3295 746 3327 se
772 3280 1060 3329 dictatorem
1069 3282 1186 3348 jam
1214 3294 1444 3346 quartum

421 3368 635 3405 creasset
655 3375 673 3404 .-
698 3360 901 3424 proprie
928 3361 1178 3409 tribunum
1203 3362 1373 3420 milit„
1394 3373 1445 3411 at

422 3452 527 3485 non
557 3437 801 3485 consulari
835 3448 1023 3487 tantum
1058 3450 1328 3503 potestate,
1358 3438 1446 3487 sed

421 3530 555 3563 nunc
588 3532 729 3579 paeue
764 3516 1043 3576 dictatoria,
1071 3518 1305 3581 regimine
1340 3533 1444 3566 om·

419 3594 562 3641 niam
604 3611 766 3642 rerum
807 3607 1028 3660 accepto.
1076 3596 1168 3643 Rei
1213 3590 1445 3659 adgendae

373 3667 382 3672 ’
424 3688 566 3720 eausa
596 3684 646 3721 et
674 3685 838 3738 gratus
864 3675 932 3723 ita
958 3675 1193 3738 loquitur.
1221 3676 1447 3724 Dictator

419 3767 541 3799 vero
562 3753 664 3812 iam
695 3753 893 3801 tertium
930 3754 1111 3813 fuerat,
1144 3765 1193 3801 et
1220 3765 1444 3817 quartum

419 3831 647 3879 tribunus
665 3831 767 3880 mil.
787 3832 863 3881 Cf.
885 3849 935 3879 n.
956 3834 1015 3891 6,
1033 3843 1081 3881 et
1100 3831 1165 3879 ad
1185 3849 1228 3880 c.
1248 3848 1297 3891 7,
1319 3848 1368 3879 n.
1393 3834 1443 3883 3.

421 3911 488 3961 Τὸ
511 3923 722 3959 creasset
744 3911 874 3960 Duk,
900 3922 952 3960 et
975 3910 1126 3960 Dmk.
1151 3923 1440 3976 exponunt:

419 4001 667 4039 creaturus
687 3992 859 4039 fuisset
875 4025 890 4049 ‚
918 3991 1023 4039 scil.
1046 3990 1143 4038 nisi
1168 4007 1357 4040 summo
1386 3992 1441 4040 in

419 4070 699 4133 magistratu
726 4069 872 4132 esset,
898 4070 976 4119 vel
996 4070 1036 4120 si
1054 4070 1276 4138 privatus
1296 4082 1438 4120 esset.

1532 3439 1726 3488 ficiunt.
1749 3467 1822 3477 -—
1846 3443 1943 3488 Pro
1971 3450 2101 3487 certo
2133 3431 2287 3487 habeo
2297 3471 2315 3495 ,
2345 3432 2418 3483 ita
2449 3450 2552 3482 rem

1529 3530 1803 3584 gesturum,
1835 3519 1940 3568 scil.
1971 3531 2034 3568 te.

1607 3606 1655 3653 4.
1694 3598 1793 3645 Sex
1827 3597 2148 3645 tribunatibus
2160 3615 2182 3655 ,-
2216 3609 2330 3644 uam
2362 3603 2552 3642 senum

1536 3687 1725 3724 creatus
1750 3687 1851 3723 erut
1873 3677 2100 3724 tribunus
2124 3675 2356 3723 militum-
2375 3700 2446 3709 --
2469 3673 2556 3721 Ex

1534 3754 1797 3810 causariis,
1827 3753 1942 3802 vide
1976 3755 2039 3802 ad
2071 3756 2162 3814 IV,
2190 3755 2286 3812 26,
2322 3769 2372 3800 n.
2405 3769 2452 3813 7.
2479 3780 2552 3791 --

1532 3834 1661 3881 Mox
1679 3833 1861 3897 junge:
1887 3849 2091 3897 quoeque
2107 3833 2213 3881 alia
2216 3844 2422 3897 poscent
2439 3828 2558 3880 belli

1532 3924 1779 3976 tempora,
1802 3911 2093 3977 provideat,
2127 3912 2227 3961 hoc
2254 3924 2353 3974 est,
2380 3923 2548 3977 paret3

1530 4002 1587 4040 ut
1616 3990 1795 4056 passim
1814 3990 2071 4057 providere
2093 4009 2187 4057 pro
2215 3993 2467 4041 consulere
2495 3992 2550 4039 in

1530 4072 1745 4119 futurum
1766 4083 1815 4119 et
1832 4072 1951 4119 hinc
1968 4087 2153 4136 parare.
2177 4073 2321 4121 Conf.
2340 4073 2545 4130 xxm,
