3000 4717
455 408 694 509 ῧὶἓῑίἓέῑ
740 427 935 495 LIB.
992 427 1076 494 v.
1132 423 1342 492 cAP.
1397 421 1805 490 xxxvn.
1859 420 2310 488 XXXVIII.
2392 414 2523 511 195

400 549 619 622 urbes
633 548 726 620 ad
745 572 940 619 arma
956 557 1479 619 concurrerent
1492 600 1512 633 ,
1532 541 1846 639 fugaque
1867 543 2251 638 agrestium
2279 539 2489 612 fieret
2505 594 2525 630 ,

399 666 699 732 Romam
726 684 802 730 se
826 661 967 747 ire,
986 655 1594 756 magnoclamore
1626 649 2124 752 significabant
2145 678 2165 739 ;
2190 676 2530 748 quacum-

400 794 545 869 que
579 769 784 841 ibant
803 824 822 855 ‚
865 770 1071 867 equis
1102 769 1466 865 virisque‘·
1497 766 1714 864 longe
1746 790 1829 836 ac
1866 765 2008 836 late
2052 761 2214 834 suso
2246 765 2528 859 agmine

401 883 834 954 immensum
849 881 1263 953 obtinentes
1282 879 1442 951 loci.
1461 877 1601 949 Sed
1615 933 1634 967 ‚
1654 875 2129 949 antecedente
2146 871 2334 944 fama
2352 899 2533 944 nun-

403 992 676 1088 ciisque
713 992 1182 1064 Clusinorum
1202 1046 1221 1080 ‚
1273 977 1618 1087 deinceps
1659 987 1829 1059 inde
1862 987 2169 1058 aliorum
2216 983 2536 1083 populo-

403 1122 566 1172 rum
602 1098 655 1191 ⁵,
709 1103 1104 1201 plurimum
1145 1102 1445 1173 terroris
1492 1106 1795 1171 Romam
1845 1098 2169 1170 celeritas
2217 1095 2536 1165 hostium

406 1213 570 1283 tulit
607 1241 623 1282 z
666 1216 941 1313 quippe
979 1212 1286 1312 quibus,
1327 1212 1529 1283 velut
1560 1209 2037 1281 tumultuario
2071 1207 2396 1279 exercitu
2431 1229 2539 1274 ra-

406 1327 589 1422 ptim
630 1325 853 1397 ducto
871 1380 890 1414 ,
924 1350 1106 1423 aegre
1142 1324 1233 1395 ad
1274 1323 1743 1395 undecimum
1770 1316 2130 1419 lapidem⁶
2150 1339 2541 1390 occursum

401 1451 516 1507 est
534 1493 553 1527 ,
588 1461 734 1536 qua
763 1436 1040 1508 flumen
1070 1436 1287 1524 Allia,
1320 1433 1805 1504 Crustuminis
1843 1429 2219 1502 montibus
2248 1426 2540 1526 praealto

399 1544 735 1618 defluens
753 1546 955 1618 alveo
975 1600 995 1634 ,
1017 1543 1216 1615 haud
1245 1543 1555 1614 multum
1583 1541 1773 1613 infra
1802 1544 1989 1611 viam
2010 1540 2322 1611 tiberino
2348 1538 2546 1608 amni

405 1657 771 1728 miscetur.
811 1662 967 1727 Jam
1007 1655 1254 1725 omnia
1297 1667 1553 1724 contra
1593 1654 1923 1748 circaque
1965 1651 2284 1720 hostium
2325 1647 2547 1746 plena

407 1780 655 1855 erant,
702 1780 774 1836 et
812 1780 978 1836 nata
1019 1766 1101 1835 in
1145 1779 1370 1835 vanos
1411 1762 1775 1833 tumultus
1819 1787 1994 1859 gens
2012 1772 2066 1850 ⁷,
2097 1761 2288 1831 truci
2325 1773 2547 1830 cantu

410 1870 990 1970 clamoribusque
1026 1874 1236 1945 variis
1252 1928 1273 1962 ,
1310 1870 1680 1944 horrendo
1710 1885 1974 1942 cuncta
2005 1870 2547 1967 compleverant

411 2007 621 2054 sono.

510 2099 901 2166 XXXVIII.
931 2095 1042 2165 Ibi
1064 2095 1341 2166 tribuni
1361 2095 1708 2182 militum,
1738 2118 1891 2164 non
1919 2092 2081 2164 loco
2102 2076 2350 2164 castris
2379 2105 2547 2162 ante

411 2219 661 2302 capto,
695 2231 844 2278 non
871 2207 1308 2304 praemunito
1341 2204 1569 2296 va110,
1600 2231 1750 2304 quo
1782 2218 2120 2304 receptus
2155 2216 2371 2291 esset,
2400 2226 2555 2273 non

415 2317 736 2386 Deorum
757 2314 1039 2404 saltem,
1063 2318 1288 2388 sinon
1310 2315 1695 2391 hominum
1713 2370 1734 2405 ,
1749 2339 2140 2401 memoreS,
2166 2337 2303 2386 nec
2318 2314 2552 2410 auspi-

418 2437 579 2492 cato
607 2436 659 2510 ¹,
696 2451 832 2497 nec
874 2427 1078 2498 litato
1105 2483 1124 2516 ,
1166 2431 1541 2498 instruunt
1573 2428 1799 2499 aciem
1836 2425 2224 2498 deductam
2265 2427 2345 2495 in
2388 2449 2552 2495 cor-

419 2598 603 2647 dieitur
618 2600 764 2648 etiam
779 2603 930 2651 ovid.
951 2606 1074 2652 Met.
1092 2606 1248 2664 XIII,
1270 2606 1298 2652 3
1312 2640 1326 2664 ‚
1350 2604 1440 2651 ubi
1530 2605 1640 2652 loca
1675 2618 1798 2652 nata
1834 2604 2021 2654 insidiis
2058 2606 2241 2665 XXII,
2273 2613 2332 2665 43
2358 2605 2556 2663 XXIV,

420 2676 537 2725 vide
566 2679 738 2727 Heins-
774 2681 958 2729 Confer
987 2682 1051 2730 ad
1077 2684 1234 2730 Tacit.
1259 2683 1442 2730 Amal.
1534 2691 1591 2742 43
1615 2684 1847 2733 XXXVI
1867 2721 1882 2744 ,
1913 2701 1972 2745 17
1995 2702 2009 2742 3
2034 2685 2145 2732 loca
2167 2697 2290 2732 nata
2317 2684 2391 2731 ad
2412 2700 2556 2748 eque-

420 2758 494 2805 w
509 2792 524 2816 ,
553 2759 617 2814 48
631 2793 646 2816 ,
673 2761 732 2808 8,
1532 2773 1677 2808 serem
1687 2772 1909 2826 pugnam
1922 2764 2102 2822 XXII,
2127 2770 2218 2822 443
2234 2764 2305 2810 ita
2324 2774 2469 2811 naeus
2488 2764 2561 2811 lo·

494 2844 542 2892 4.
562 2838 716 2902 Equis
731 2838 949 2903 virisque
961 2874 980 2896 ‚
1002 2840 1220 2903 equitatu
1244 2849 1294 2886 et
1310 2838 1449 2903 pedi·
1535 2855 1619 2887 cus
1644 2841 1747 2897 IX,
1770 2856 1798 2886 α
1819 2875 1834 2898 ,
1858 2857 1909 2888 ιι.
1939 2849 1997 2898 4,
2025 2841 2214 2904 aliaque
2241 2852 2364 2887 nata
2388 2841 2562 2893 dieun-

418 2927 551 2974 tntu,
570 2929 627 2965 ut
645 2918 799 2977 XXI,
820 2934 883 2979 27
907 2932 982 2984 pr.
1008 2919 1212 2977 XXVI,
1234 2917 1283 2976 5,
1311 2927 1360 2965 et
1385 2917 1446 2965 al.
1535 2928 1643 2975 tur,
1672 2934 1781 2981 quae
1810 2930 1983 2966 natura
2011 2919 2082 2966 sic
2119 2930 2397 2982 comparata
2422 2930 2563 2978 sunt,

423 2995 503 3043 Sic
532 3007 581 3044 et
608 2999 791 3061 passim
813 2998 932 3062 equi
952 3007 1047 3062 pro
1075 2996 1330 3061 equitibus.
1369 2996 1449 3045 Cf.
1537 3013 1645 3045 non
1667 3008 1793 3056 arte,
1811 2997 1893 3045 vel
1917 3013 2032 3044 casu
2052 2997 2197 3046 faeta.
2218 2997 2362 3046 Conf.
2386 2997 2449 3044 ad
2472 2998 2561 3057 IV,

423 3073 488 3121 ad
510 3075 611 3135 VI,
637 3085 735 3136 ²4,
759 3094 811 3127 n.
838 3094 885 3137 7,
908 3078 1169 3125 emi-nesti
1192 3076 1315 3124 dev.
1342 3075 1449 3124 Cic.
1544 3077 1687 3136 15,n.
1705 3078 1977 3137 23XXIV,
1999 3078 2221 3137 42,ιι.3;
2244 3076 2452 3135 XXIX,
2476 3093 2564 3144 19,

498 3153 547 3201 5.
586 3155 814 3219 Deinceps
851 3157 964 3204 inde
999 3157 1211 3205 aliorum
1236 3155 1450 3221 populo·
1537 3172 1589 3203 n.
1619 3172 1677 3215 ας
1708 3156 1969 3215 XXXIX,
1999 3172 2044 3215 1,
2070 3170 2121 3204 ιι.
2152 3172 2201 3205 2.

427 3244 564 3287 nim,
592 3233 706 3280 vide
731 3235 795 3281 nd
820 3238 871 3292 1,
897 3252 960 3283 αι
976 3271 991 3296 ,
1023 3252 1090 3287 ιι.,
1106 3239 1154 3284 8.
1171 3262 1239 3273 —-
1257 3236 1450 3309 Τιιφαί·
1606 3234 1732 3285 Cu.
1759 3236 2060 3283 XXXVIII.
2100 3250 2145 3285 1.
2181 3232 2287 3284 Nec
2312 3236 2566 3300 auspicato

425 3309 590 3357 mario
611 3313 853 3368 emim,
876 3315 991 3362 vide
1014 3316 1078 3363 ad
1097 3318 1149 3375 1,
1179 3317 1264 3375 37,
1287 3331 1337 3362 n.
1365 3323 1412 3370 4.
1536 3314 1672 3382 (vide
1697 3315 1760 3363 ad
1785 3331 1830 3364 c.
1860 3331 1953 3375 21,
1981 3331 2032 3365 ιι.
2066 3315 2141 3385 1),
2166 3330 2255 3362 nec
2277 3316 2443 3374 litato,
2465 3333 2571 3364 non

498 3388 552 3437 6.
579 3388 668 3435 Ad
683 3389 984 3438 undecimum
1007 3393 1218 3457 lapidem
1236 3393 1369 3457 (vid.
1388 3394 1453 3442 ad
1538 3395 1669 3442 facto
1692 3392 1935 3443 sacrificio
1950 3429 1965 3452 ‚
1991 3405 2040 3441 et
2064 3395 2264 3458 quidem
2289 3395 2340 3443 h.
2366 3396 2401 3443 l.
2426 3395 2569 3452 laeto,

429 3468 481 3515 11
497 3500 512 3525 ,
540 3484 561 3514 1
576 3483 598 3513 1
615 3502 629 3526 ‚
654 3482 705 3515 ιι.
737 3467 800 3532 3)
829 3485 1078 3518 occursum
1105 3484 1206 3528 est,
1239 3473 1453 3539 quaflu—
1540 3474 1644 3521 sine
1662 3474 1885 3521 litatione
1900 3473 2149 3539 (XXVII,
2171 3475 2257 3532 33,
2275 3491 2324 3521 ιι.
2349 3472 2428 3537 3):
2457 3488 2574 3519 nam

425 3561 540 3593 »men
553 3547 722 3602 Allia,
735 3557 830 3594 etc.
845 3550 1117 3612 Pugnatum
1131 3562 1205 3598 eet
1222 3552 1324 3598 XV
1341 3552 1454 3599 Kal.
1545 3552 1704 3600 litatio
1731 3552 2017 3620 sacrificans
2026 3588 2043 3610 ,
2081 3565 2130 3601 et
2158 3552 2319 3601 hostia
2350 3552 2493 3599 litare
2524 3562 2574 3598 et

429 3626 667 3684 Sextiles,
679 3625 884 3688 diesque
900 3626 983 3673 ssle
1001 3643 1029 3673 a
1041 3628 1159 3675 loco
1176 3644 1356 3694 pugnae
1374 3631 1459 3677 Al·
1536 3631 1773 3693 perlitare
1794 3630 1926 3693 (VII
1938 3665 1952 3689 ‚
1980 3632 2040 3692 83
2066 3630 2298 3678 XXXVI
2311 3664 2328 3687 ,
2359 3645 2403 3688 1;
2424 3631 2541 3677 XLI
2553 3664 2569 3689 ,

429 3703 595 3751 diensis
632 3715 708 3752 est
742 3704 931 3763 dietus,
965 3716 1014 3753 et
1037 3705 1169 3753 inter
1206 3718 1337 3754 atros
1352 3741 1367 3766 ,
1403 3719 1461 3755 ut
1556 3718 1643 3766 14,
1675 3724 1696 3754 1
1709 3710 1736 3754 5
1750 3744 1765 3767 ‚
1795 3724 1894 3773 quo
1928 3710 2071 3756 simul
2096 3707 2363 3756 multitudo
2386 3707 2570 3756 hostia-

433 3793 606 3848 poetea
619 3782 909 3840 Cannensis,
930 3783 1124 3832 relatus.
1137 3785 1325 3833 Eodem
1338 3801 1460 3849 quo-
1547 3802 1656 3836 rum
1676 3800 1907 3834 casarum
1927 3787 2068 3833 innui
2089 3784 2323 3851 videtur),
2342 3786 2421 3834 vel
2438 3787 2578 3835 victi-

350 3863 354 3868 ’
431 3877 532 3926 que
546 3861 671 3911 CCC
684 3862 821 3910 Fabii
833 3862 898 3910 ad
907 3862 1183 3912 Cremeram
1196 3864 1309 3912 caesi
1321 3875 1458 3926 sunt3
1550 3867 1639 3914 mis
1666 3865 1803 3912 litari
1826 3865 2094 3923 dicebatur,
2114 3880 2218 3911 non
2246 3865 2397 3913 modo
2424 3884 2573 3931 quum

436 3940 667 4000 videVI,
695 3955 718 3987 ι
740 3976 755 4001 ,
781 3954 832 3989 et
848 3942 981 3989 conf.
1003 3943 1247 3991 Plutarch.
1271 3936 1459 3993 camin.
1552 3943 1918 4003 sacrificaretur,
1940 3944 2026 3993 sed
2045 3943 2190 3992 etiam
2207 3945 2407 4010 proprie
2425 3963 2576 4010 quum

439 4037 492 4085 p.
518 4020 633 4080 137,
655 4031 705 4069 et
727 4021 937 4069 Diodor.
961 4022 1048 4070 lib.
1069 4022 1216 4082 XIV,
1237 4040 1289 4087 p.
1312 4023 1450 4079 454ae
1551 4027 1607 4073 in
1621 4024 1799 4072 hostiis
1815 4025 1946 4072 bona
1967 4034 2078 4072 exta
2092 4059 2107 4084 ,
2127 4023 2206 4071 vel
2229 4024 2283 4071 in
2301 4023 2378 4072 his
2395 4022 2576 4075 indicia

513 4114 539 4158 7
549 4134 561 4145 .
583 4100 722 4147 Nata
738 4099 788 4147 in
805 4116 966 4149 vanos
980 4102 1210 4150 tumultus
1217 4118 1337 4168 gens
1347 4138 1364 4160 ,
1385 4084 1470 4150 na-
1554 4104 1769 4153 numinis
1783 4104 1962 4170 placati
1978 4104 2313 4152 invenirentur
2322 4121 2338 4168 3
2356 4105 2487 4154 unde
2502 4120 2580 4152 sa-

446 4189 557 4227 tura
588 4181 652 4230 ad
677 4199 762 4232 eos
784 4194 927 4250 apta,
955 4195 1015 4234 ut
1041 4180 1289 4251 πεφυκός.
1317 4187 1396 4237 Sic
1418 4195 1471 4236 et
1558 4183 1781 4253 crificare
1812 4201 1960 4250 usque
1987 4178 2064 4233 ad
2090 4182 2359 4233 litationem
2387 4195 2461 4235 est
2484 4197 2580 4233 ma-

2114 4268 2228 4345 13.
