3000 4717
457 372 586 475 sstsst
611 370 704 489 {333
846 386 1161 458 LIBER
1208 385 1426 452 v111.
1483 384 1687 451 CAP.
1745 386 2077 454 xxvii.
2372 385 2514 480 489

404 514 700 587 litanos:
736 517 840 586 ira
863 527 1082 609 atque
1110 504 1377 576 invidia
1403 505 1851 575 inRomanos
1880 502 2153 593 furere3
2181 530 2268 576 eo
2287 507 2524 597 etiam,

406 624 604 719 quod
630 629 957 696 Lucanos
985 635 1057 691 et
1084 615 1353 714 Apulos
1383 614 1597 705 (nam
1621 629 1933 711 utraque
1954 639 2042 684 eo
2063 638 2255 685 anno
2292 619 2522 690 socie-

404 744 511 802 tas
548 746 785 830 coepta
813 731 959 826 est)
1000 731 1076 799 in
1107 728 1325 799 fidem
1360 728 1615 827 populi
1629 726 1911 797 romani
1936 726 2213 797 venisse
2230 726 2524 799 allatum

405 854 533 911 est.
562 846 847 939 Quippe
863 839 1409 939 propemodum
1432 842 1862 936 perventum
1890 837 1997 907 ad
2015 853 2302 923 se'esse,
2317 840 2523 930 jam-

406 975 547 1048 que
575 959 649 1021 in
676 976 761 1021 eo
788 975 943 1021 rem
950 950 1129 1043 fore
1146 1002 1164 1032 ‚
1204 965 1283 1019 ut
1302 953 1768 1018 Romaniaat
1798 947 2069 1031 hostes,
2092 960 2224 1016 aut
2243 945 2529 1017 domini

404 1059 728 1131 habendi
734 1067 891 1132 sint.
910 1060 1649 1155 Discrimenprofecto
1671 1083 1908 1128 rerum
1919 1082 2216 1127 suarum
2242 1063 2315 1127 in
2333 1055 2523 1128 bello

404 1176 831 1243 Samnitium
866 1185 1265 1266 eventuque
1291 1171 1447 1262 ejus
1470 1175 1661 1239 verti
1675 1179 1727 1237 ².
1766 1172 1960 1238 Eam
1982 1167 2214 1238 solam
2239 1184 2525 1265 gentem

403 1297 701 1368 restare,
717 1307 864 1351 -nec
892 1307 1053 1351 eam
1077 1286 1309 1377 ipsam
1341 1285 1513 1350 satis
1544 1276 1910 1366 validam,
1958 1280 2255 1374 quando
2293 1283 2526 1349 Laca-

406 1417 543 1462 nas
580 1391 923 1485 dejecerit
956 1419 976 1460 .·
1019 1415 1233 1488 qaem
1276 1394 1603 1460 revocari
1638 1388 1917 1475 adhuc,
1968 1383 2386 1485 impellique
2429 1388 2536 1458 ad

408 1498 846 1571 abolendam
896 1506 1313 1571 societatem
1360 1523 1742 1568 romanam
1790 1522 2011 1595 posse
2030 1552 2051 1583 ,
2096 1504 2161 1568 si
2208 1523 2359 1594 qua
2411 1523 2531 1569 ars

405 1608 721 1678 serendis
771 1608 1143 1680 discordiis
1202 1607 1663 1678 adhibeatur.
1733 1613 1899 1678 Haec
1956 1607 2253 1678 consilia
2298 1633 2528 1704 quum

406 1718 598 1814 apud
618 1717 922 1815 cupidos
944 1742 1188 1789 rerum
1213 1717 1710 1788 novandarum
1726 1716 2155 1805 valuissent3
2179 1741 2266 1788 ex
2279 1719 2529 1812 juven·

404 1842 560 1899 tute
583 1829 878 1925 quidam
891 1834 1353 1900 Lucanorum
1373 1830 1607 1925 pretio
1620 1828 1870 1899 adsciti
1885 1854 1904 1915 3
1918 1826 2088 1897 clari
2105 1829 2328 1922 magis
2339 1829 2528 1898 inter

405 1936 792 2036 populares
808 1991 826 2022 ‚
861 1962 1079 2036 quam
1101 1938 1422 2026 honesti,
1453 1939 1645 2008 inter
1665 1963 1740 2010 se
1773 1936 2068 2005 mulcati
2095 1936 2232 2032 ipsi
2254 1938 2468 2033 virgis
2480 1934 2532 2024 ³,

409 2072 637 2143 quum
681 2072 983 2144 corpora
1034 2048 1230 2118 nuda
1288 2049 1699 2119 intulissent
1760 2048 1835 2116 in
1899 2048 2164 2117 civium
2221 2061 2487 2117 coetum
2508 2103 2526 2136 ‚

407 2155 776 2229 vociferati
807 2174 1011 2247 sunt,
1057 2185 1159 2245 se,
1204 2160 1407 2255 quod
1448 2172 1676 2229 castra
1721 2182 2020 2230 romana
2061 2156 2340 2253 ingredi
2377 2159 2529 2232 ausi

411 2283 683 2358 essent,
730 2294 771 2339 a
806 2267 1101 2342 consule
1144 2271 1357 2367 virgis
1395 2295 1613 2342 caesos
1635 2324 1653 2357 ‚
1694 2294 1775 2340 ac
1808 2293 2038 2365 prope
2081 2270 2314 2338 securi
2360 2293 2528 2365 per-

411 2402 655 2449 cussos
692 2404 867 2450 esse.
918 2378 1279 2452 Deformis
1321 2394 1572 2478 suapte
1612 2394 1869 2450 natura
1903 2403 2054 2465 res,
2095 2401 2322 2473 quum
2366 2403 2530 2475 spe-

410 2488 592 2557 ciem
613 2489 891 2581 injuriae
919 2493 1175 2586 magis,
1206 2517 1425 2587 quam
1452 2491 1635 2578 doli,
1661 2516 1807 2588 prae
1832 2514 1906 2561 se
1926 2488 2179 2577 ferret,
2199 2491 2537 2560 concitati

407 2600 739 2672 homines
797 2615 1066 2698 cogunt
1120 2602 1431 2672 clamore
1484 2628 1617 2672 suo
1678 2606 2135 2698 magistratus
2204 2618 2532 2674 senatum

410 2734 664 2780 vocare
704 2736 719 2778 ε
772 2724 843 2780 et
892 2710 1048 2796 alii,
1095 2710 1641 2780 circumstantes
1682 2710 2109 2796 concilium,
2144 2709 2421 2781 bellum
2457 2714 2535 2782 in

410 2824 773 2890 Romanos
811 2832 1156 2915 poscunt:
1190 2818 1309 2887 alii
1347 2817 1433 2886 acl
1475 2818 1978 2889 concitandam
2009 2819 2084 2886 in
2129 2842 2325 2889 arma
2357 2822 2537 2890 mul·

373 2919 378 2926 ⁸
412 2929 797 3000 titudinem
844 2928 1224 3026 agrestium
1277 2926 1694 2998 discurrunt
1738 2955 1752 2995 ε
1804 2927 2273 3022 tumultuque
2319 2930 2533 3001 etiam

416 3062 626 3107 sanos
667 3054 1166 3109 consternante
1214 3038 1490 3109 animos
1505 3041 1560 3124 4,
1618 3036 2067 3125 decernitur,
2112 3052 2192 3108 ut
2237 3040 2535 3110 societas

416 3171 578 3217 cum
620 3147 1056 3219 Samnitibus
1092 3163 1595 3236 renovaretur3
1657 3148 2012 3245 legatique
2050 3147 2141 3219 ad
2185 3173 2342 3220 eam
2380 3173 2535 3221 rem

411 3258 816 3327 mittuntur.
854 3261 1255 3354 Repentina
1286 3284 1401 3330 res
1437 3260 1608 3356 quia
1643 3283 1863 3354 quam
1905 3283 2192 3330 causam
2223 3261 2532 3349 nullam,

414 3381 560 3438 tam
595 3391 687 3437 ne
712 3366 931 3437 fidem
961 3367 1254 3464 quidem
1292 3367 1634 3455 habebat,
1663 3369 1892 3438 coacti
1932 3394 1970 3438 a
1997 3368 2436 3441 Samnitibus
2467 3384 2540 3439 et

415 3476 704 3549 obsides
728 3477 895 3548 dare
916 3532 936 3563 ‚
957 3491 1026 3546 et
1047 3478 1374 3573 praesidia
1393 3479 1467 3548 in
1497 3479 1657 3549 loca
1678 3478 1959 3548 munita
1983 3478 2305 3575 accipere
2322 3533 2342 3567 ‚
2373 3480 2539 3549 caeci

414 3585 667 3658 fraude
701 3603 771 3657 et
802 3589 905 3656 ira
935 3586 1114 3656 nihil
1152 3585 1603 3658 recusarunt.
1650 3587 1981 3659 Dilucere
2038 3587 2299 3658 deinde
2334 3587 2539 3658 brevi

415 3694 608 3767 fraus
656 3698 872 3794 coepit
894 3751 913 3785 ,
971 3711 1357 3795 postquam
1404 3698 1793 3768 criminum
1829 3694 2177 3767 falsorum
2215 3710 2544 3769 auctores

487 3899 534 3929 2.
561 3881 821 3928 Discrimen
843 3897 999 3929 rerum
1017 3898 1214 3929 suarum
1234 3880 1282 3929 in
1304 3883 1427 3931 bello
1597 3884 1642 3930 3.
1671 3880 1887 3929 Mulcati
1905 3881 1999 3946 ipsi
2020 3881 2197 3947 virgis,
2224 3881 2337 3929 vide
2360 3882 2420 3930 ad
2450 3885 2551 3943 111,

417 3963 463 4007 S.
487 3960 636 4016 verti,
659 3960 771 4007 vide
789 3960 850 4007 ad
877 3962 1427 4021 111,27,n.6‚etV1,
1523 3976 1686 4020 11,n.
1715 3964 1762 4008 3.

424 4056 445 4090 ι
458 4056 504 4100 7,
524 4055 570 4086 n.
593 4054 613 4084 1
626 4066 713 4086 .—
723 4038 810 4085 Ad
818 4039 1111 4088 abolendam
1123 4040 1423 4099 societatem,
1591 4049 1638 4096 4.
1650 4039 1816 4086 Etiam
1830 4056 1976 4086 sanos
1991 4021 2328 4089 consternante
2338 4041 2548 4096 animos,

417 4118 533 4165 vide
554 4117 615 4165 ad
640 4120 690 4175 1,
718 4119 782 4165 23
802 4152 817 4177 ‚
841 4134 892 4166 n.
923 4134 965 4166 1.
1518 4119 1633 4167 vide
1658 4119 1721 4167 ad
1744 4121 1823 4180 11,
1850 4127 1912 4179 47
1938 4152 1952 4177 ,
1978 4116 2045 4168 ns
2064 4120 2108 4167 3.
