<?xml version="1.0" encoding="UTF-8"?>
<!DOCTYPE html PUBLIC "-//W3C//DTD XHTML 1.0 Transitional//EN"
    "http://www.w3.org/TR/xhtml1/DTD/xhtml1-transitional.dtd">
<html xmlns="http://www.w3.org/1999/xhtml" xml:lang="en" lang="en">
 <head>
  <title>
</title>
<meta http-equiv="Content-Type" content="text/html;charset=utf-8" />
  <meta name='ocr-system' content='tesseract 3.04.00' />
  <meta name='ocr-capabilities' content='ocr_page ocr_carea ocr_par ocr_line ocrx_word'/>
</head>
<body>
  <div class='ocr_page' id='page_1' title='image "./titusliviuspata00unkngoog_0113.png"; bbox 0 0 3000 4717; ppageno 0'>
   <div class='ocr_carea' id='block_1_1' title="bbox 372 342 2557 3453">
    <p class='ocr_par' dir='ltr' id='par_1_1' title="bbox 372 342 2557 3120">
     <span class='ocr_line' id='line_1_1' title="bbox 450 342 2521 466; baseline 0 -29"><span class='ocrx_word' id='word_1_1' title='bbox 450 347 833 466; x_wconf 58' lang='lat'><strong>333332513232</strong></span> <span class='ocrx_word' id='word_1_2' title='bbox 883 370 1198 437; x_wconf 82' lang='lat' dir='ltr'>LIBER</span> <span class='ocrx_word' id='word_1_3' title='bbox 1247 370 1376 437; x_wconf 89' lang='lat' dir='ltr'><strong>1v.</strong></span> <span class='ocrx_word' id='word_1_4' title='bbox 1433 369 1641 437; x_wconf 82' lang='lat' dir='ltr'><strong>cAP.</strong></span> <span class='ocrx_word' id='word_1_5' title='bbox 1698 342 1844 436; x_wconf 75' lang='lat' dir='ltr'><strong>LVI</strong></span> <span class='ocrx_word' id='word_1_6' title='bbox 1901 368 2086 434; x_wconf 87' lang='lat' dir='ltr'><strong>LVI.</strong></span> <span class='ocrx_word' id='word_1_7' title='bbox 2128 382 2133 387; x_wconf 89' lang='lat'><strong>·</strong></span> <span class='ocrx_word' id='word_1_8' title='bbox 2388 363 2521 438; x_wconf 85' lang='lat'><strong>105</strong></span> 
     </span>
     <span class='ocr_line' id='line_1_2' title="bbox 372 485 2531 588; baseline -0.002 -24"><span class='ocrx_word' id='word_1_9' title='bbox 372 490 728 588; x_wconf 62' lang='lat' dir='ltr'><strong>¹consules</strong></span> <span class='ocrx_word' id='word_1_10' title='bbox 745 548 765 583; x_wconf 93' lang='lat'><strong>,</strong></span> <span class='ocrx_word' id='word_1_11' title='bbox 788 515 925 563; x_wconf 90' lang='lat' dir='ltr'><strong>nec</strong></span> <span class='ocrx_word' id='word_1_12' title='bbox 953 491 1241 562; x_wconf 87' lang='lat' dir='ltr'><strong>comitia</strong></span> <span class='ocrx_word' id='word_1_13' title='bbox 1259 545 1278 580; x_wconf 90' lang='lat'><strong>,</strong></span> <span class='ocrx_word' id='word_1_14' title='bbox 1301 514 1463 586; x_wconf 85' lang='lat' dir='ltr'><strong>quae</strong></span> <span class='ocrx_word' id='word_1_15' title='bbox 1487 485 1836 587; x_wconf 86' lang='lat' dir='ltr'><strong>petebant</strong></span> <span class='ocrx_word' id='word_1_16' title='bbox 1852 542 1871 575; x_wconf 93' lang='lat'><strong>,</strong></span> <span class='ocrx_word' id='word_1_17' title='bbox 1899 487 2176 558; x_wconf 86' lang='lat' dir='ltr'><strong>tribuni</strong></span> <span class='ocrx_word' id='word_1_18' title='bbox 2204 488 2531 584; x_wconf 87' lang='lat' dir='ltr'><strong>expedie-</strong></span> 
     </span>
     <span class='ocr_line' id='line_1_3' title="bbox 398 597 2526 696; baseline -0.001 -22"><span class='ocrx_word' id='word_1_19' title='bbox 398 602 600 674; x_wconf 87' lang='lat' dir='ltr'><strong>bant.</strong></span> <span class='ocrx_word' id='word_1_20' title='bbox 632 602 1035 675; x_wconf 89' lang='lat' dir='ltr'><strong>Inclinante</strong></span> <span class='ocrx_word' id='word_1_21' title='bbox 1073 601 1335 673; x_wconf 90' lang='lat' dir='ltr'><strong>deinde</strong></span> <span class='ocrx_word' id='word_1_22' title='bbox 1374 626 1447 673; x_wconf 92' lang='lat' dir='ltr'><strong>se</strong></span> <span class='ocrx_word' id='word_1_23' title='bbox 1485 600 1778 671; x_wconf 83' lang='lat' dir='ltr'><strong>fortuna</strong></span> <span class='ocrx_word' id='word_1_24' title='bbox 1816 597 1907 669; x_wconf 91' lang='lat' dir='ltr'><strong>ad</strong></span> <span class='ocrx_word' id='word_1_25' title='bbox 1942 622 2222 669; x_wconf 89' lang='lat' dir='ltr'><strong>causam</strong></span> <span class='ocrx_word' id='word_1_26' title='bbox 2259 598 2526 696; x_wconf 81' lang='lat' dir='ltr'><strong>plebis,</strong></span> 
     </span>
     <span class='ocr_line' id='line_1_4' title="bbox 399 709 2528 809; baseline -0.002 -23"><span class='ocrx_word' id='word_1_27' title='bbox 399 717 639 786; x_wconf 88' lang='lat' dir='ltr'><strong>nuntii</strong></span> <span class='ocrx_word' id='word_1_28' title='bbox 662 716 1003 802; x_wconf 85' lang='lat' dir='ltr'><strong>veniunt,</strong></span> <span class='ocrx_word' id='word_1_29' title='bbox 1033 737 1268 785; x_wconf 88' lang='lat' dir='ltr'><strong>arcem</strong></span> <span class='ocrx_word' id='word_1_30' title='bbox 1302 718 1823 785; x_wconf 84' lang='lat' dir='ltr'><strong>Carventanam</strong></span> <span class='ocrx_word' id='word_1_31' title='bbox 1846 766 1865 799; x_wconf 94' lang='lat'><strong>,</strong></span> <span class='ocrx_word' id='word_1_32' title='bbox 1894 709 2185 809; x_wconf 84' lang='lat' dir='ltr'>dilapsis</span> <span class='ocrx_word' id='word_1_33' title='bbox 2220 711 2311 781; x_wconf 89' lang='lat' dir='ltr'><strong>ad</strong></span> <span class='ocrx_word' id='word_1_34' title='bbox 2346 737 2528 809; x_wconf 88' lang='lat' dir='ltr'><strong>prae-</strong></span> 
     </span>
     <span class='ocr_line' id='line_1_5' title="bbox 400 823 2530 922; baseline -0.003 -25"><span class='ocrx_word' id='word_1_35' title='bbox 400 825 566 897; x_wconf 93' lang='lat' dir='ltr'><strong>dam</strong></span> <span class='ocrx_word' id='word_1_36' title='bbox 603 824 990 912; x_wconf 84' lang='lat' dir='ltr'><strong>militibus,</strong></span> <span class='ocrx_word' id='word_1_37' title='bbox 1033 825 1160 920; x_wconf 88' lang='lat' dir='ltr'><strong>qui</strong></span> <span class='ocrx_word' id='word_1_38' title='bbox 1201 824 1275 893; x_wconf 92' lang='lat' dir='ltr'><strong>in</strong></span> <span class='ocrx_word' id='word_1_39' title='bbox 1314 825 1645 922; x_wconf 82' lang='lat' dir='ltr'><strong>praesidio</strong></span> <span class='ocrx_word' id='word_1_40' title='bbox 1681 836 1927 912; x_wconf 89' lang='lat' dir='ltr'><strong>erant,</strong></span> <span class='ocrx_word' id='word_1_41' title='bbox 1960 823 2530 919; x_wconf 39' lang='lat' dir='ltr'><strong>AEquosstnter-</strong></span> 
     </span>
     <span class='ocr_line' id='line_1_6' title="bbox 399 926 2532 1033; baseline -0.001 -29"><span class='ocrx_word' id='word_1_42' title='bbox 399 933 604 1006; x_wconf 85' lang='lat' dir='ltr'><strong>fectis</strong></span> <span class='ocrx_word' id='word_1_43' title='bbox 639 936 886 1033; x_wconf 87' lang='lat' dir='ltr'><strong>paucis</strong></span> <span class='ocrx_word' id='word_1_44' title='bbox 922 932 1342 1005; x_wconf 87' lang='lat' dir='ltr'>custodibus</span> <span class='ocrx_word' id='word_1_45' title='bbox 1378 937 1593 1024; x_wconf 88' lang='lat' dir='ltr'><strong>arcis,</strong></span> <span class='ocrx_word' id='word_1_46' title='bbox 1633 934 1969 1006; x_wconf 83' lang='lat' dir='ltr'><strong>invasisse</strong></span> <span class='ocrx_word' id='word_1_47' title='bbox 2006 959 2021 1003; x_wconf 78' lang='lat' dir='ltr'><strong><em>z</em></strong></span> <span class='ocrx_word' id='word_1_48' title='bbox 2066 926 2250 1003; x_wconf 85' lang='lat' dir='ltr'><strong>alios</strong></span> <span class='ocrx_word' id='word_1_49' title='bbox 2283 955 2532 1002; x_wconf 88' lang='lat' dir='ltr'><strong>recur-</strong></span> 
     </span>
     <span class='ocr_line' id='line_1_7' title="bbox 398 1045 2534 1145; baseline -0 -30"><span class='ocrx_word' id='word_1_50' title='bbox 398 1059 643 1117; x_wconf 83' lang='lat' dir='ltr'><strong>rentes</strong></span> <span class='ocrx_word' id='word_1_51' title='bbox 694 1047 771 1116; x_wconf 92' lang='lat' dir='ltr'><strong>in</strong></span> <span class='ocrx_word' id='word_1_52' title='bbox 826 1069 1063 1116; x_wconf 85' lang='lat' dir='ltr'><strong>arcem</strong></span> <span class='ocrx_word' id='word_1_53' title='bbox 1084 1099 1104 1133; x_wconf 90' lang='lat'><strong>,</strong></span> <span class='ocrx_word' id='word_1_54' title='bbox 1156 1045 1333 1117; x_wconf 91' lang='lat' dir='ltr'><strong>alios</strong></span> <span class='ocrx_word' id='word_1_55' title='bbox 1385 1047 1714 1145; x_wconf 87' lang='lat' dir='ltr'><strong>palantes</strong></span> <span class='ocrx_word' id='word_1_56' title='bbox 1761 1047 1839 1116; x_wconf 89' lang='lat' dir='ltr'><strong>in</strong></span> <span class='ocrx_word' id='word_1_57' title='bbox 1896 1046 2082 1142; x_wconf 84' lang='lat' dir='ltr'><strong>agris</strong></span> <span class='ocrx_word' id='word_1_58' title='bbox 2138 1068 2374 1115; x_wconf 82' lang='lat' dir='ltr'><strong>caesos.</strong></span> <span class='ocrx_word' id='word_1_59' title='bbox 2432 1048 2534 1114; x_wconf 88' lang='lat' dir='ltr'><strong>Ea</strong></span> 
     </span>
     <span class='ocr_line' id='line_1_8' title="bbox 402 1153 2557 1250; baseline -0.002 -23"><span class='ocrx_word' id='word_1_60' title='bbox 402 1159 697 1229; x_wconf 89' lang='lat' dir='ltr'><strong>adversa</strong></span> <span class='ocrx_word' id='word_1_61' title='bbox 742 1158 1007 1228; x_wconf 84' lang='lat' dir='ltr'><strong>civitati</strong></span> <span class='ocrx_word' id='word_1_62' title='bbox 1056 1182 1172 1228; x_wconf 91' lang='lat' dir='ltr'><strong>res</strong></span> <span class='ocrx_word' id='word_1_63' title='bbox 1219 1160 1406 1230; x_wconf 85' lang='lat' dir='ltr'><strong>vires</strong></span> <span class='ocrx_word' id='word_1_64' title='bbox 1459 1159 1853 1230; x_wconf 79' lang='lat' dir='ltr'><strong>tribunitiae</strong></span> <span class='ocrx_word' id='word_1_65' title='bbox 1909 1156 2175 1228; x_wconf 87' lang='lat' dir='ltr'><strong>actioni</strong></span> <span class='ocrx_word' id='word_1_66' title='bbox 2223 1153 2530 1250; x_wconf 86' lang='lat' dir='ltr'><strong>adjecit:</strong></span> <span class='ocrx_word' id='word_1_67' title='bbox 2556 1207 2557 1210; x_wconf 17' lang='grc' dir='ltr'>η</span> 
     </span>
     <span class='ocr_line' id='line_1_9' title="bbox 401 1266 2538 1394; baseline -0.002 -55"><span class='ocrx_word' id='word_1_68' title='bbox 401 1269 901 1365; x_wconf 80' lang='lat' dir='ltr'><strong>nequidquam</strong></span> <span class='ocrx_word' id='word_1_69' title='bbox 932 1270 1126 1340; x_wconf 89' lang='lat' dir='ltr'><strong>enim</strong></span> <span class='ocrx_word' id='word_1_70' title='bbox 1157 1270 1446 1359; x_wconf 89' lang='lat' dir='ltr'><strong>tentati,</strong></span> <span class='ocrx_word' id='word_1_71' title='bbox 1467 1285 1551 1340; x_wconf 91' lang='lat' dir='ltr'><strong>ut</strong></span> <span class='ocrx_word' id='word_1_72' title='bbox 1580 1283 1736 1339; x_wconf 91' lang='lat' dir='ltr'><strong>tum</strong></span> <span class='ocrx_word' id='word_1_73' title='bbox 1764 1267 2079 1394; x_wconf 81' lang='lat' dir='ltr'><strong>denique</strong></span> <span class='ocrx_word' id='word_1_74' title='bbox 2108 1266 2538 1336; x_wconf 83' lang='lat' dir='ltr'><strong>desisterent</strong></span> 
     </span>
     <span class='ocr_line' id='line_1_10' title="bbox 402 1358 2537 1476; baseline -0.002 -29"><span class='ocrx_word' id='word_1_75' title='bbox 402 1378 869 1476; x_wconf 81' lang='lat' dir='ltr'><strong>impediendo</strong></span> <span class='ocrx_word' id='word_1_76' title='bbox 903 1376 1138 1467; x_wconf 82' lang='lat' dir='ltr'><strong>bello,</strong></span> <span class='ocrx_word' id='word_1_77' title='bbox 1172 1393 1562 1475; x_wconf 88' lang='lat' dir='ltr'><strong>postquam</strong></span> <span class='ocrx_word' id='word_1_78' title='bbox 1586 1403 1738 1448; x_wconf 92' lang='lat' dir='ltr'><strong>non</strong></span> <span class='ocrx_word' id='word_1_79' title='bbox 1768 1400 2042 1448; x_wconf 88' lang='lat' dir='ltr'><strong>cessere</strong></span> <span class='ocrx_word' id='word_1_80' title='bbox 2070 1399 2206 1446; x_wconf 90' lang='lat' dir='ltr'><strong>nec</strong></span> <span class='ocrx_word' id='word_1_81' title='bbox 2232 1358 2537 1471; x_wconf 79' lang='lat' dir='ltr'><strong>publicae</strong></span> 
     </span>
     <span class='ocr_line' id='line_1_11' title="bbox 401 1485 2539 1586; baseline -0.003 -27"><span class='ocrx_word' id='word_1_82' title='bbox 401 1485 883 1586; x_wconf 43' lang='lat' dir='ltr'><strong>tempestati&amp;</strong></span> <span class='ocrx_word' id='word_1_83' title='bbox 913 1514 1049 1559; x_wconf 90' lang='lat' dir='ltr'><strong>nec</strong></span> <span class='ocrx_word' id='word_1_84' title='bbox 1080 1514 1224 1558; x_wconf 83' lang='lat' dir='ltr'><strong>suae</strong></span> <span class='ocrx_word' id='word_1_85' title='bbox 1256 1490 1538 1559; x_wconf 69' lang='lat' dir='ltr'><strong>invidiae</strong></span> <span class='ocrx_word' id='word_1_86' title='bbox 1555 1488 2083 1586; x_wconf 86' lang='lat' dir='ltr'><strong>,pervincunt,</strong></span> <span class='ocrx_word' id='word_1_87' title='bbox 2104 1501 2187 1556; x_wconf 90' lang='lat' dir='ltr'><strong>ut</strong></span> <span class='ocrx_word' id='word_1_88' title='bbox 2218 1498 2539 1556; x_wconf 90' lang='lat' dir='ltr'><strong>senatus-</strong></span> 
     </span>
     <span class='ocr_line' id='line_1_12' title="bbox 403 1596 2536 1669; baseline -0.003 0"><span class='ocrx_word' id='word_1_89' title='bbox 403 1600 817 1669; x_wconf 85' lang='lat' dir='ltr'><strong>consultum</strong></span> <span class='ocrx_word' id='word_1_90' title='bbox 845 1596 971 1668; x_wconf 89' lang='lat' dir='ltr'><strong>fiat</strong></span> <span class='ocrx_word' id='word_1_91' title='bbox 1000 1599 1090 1667; x_wconf 90' lang='lat' dir='ltr'><strong>de</strong></span> <span class='ocrx_word' id='word_1_92' title='bbox 1122 1596 1436 1669; x_wconf 84' lang='lat' dir='ltr'><strong>tribunis</strong></span> <span class='ocrx_word' id='word_1_93' title='bbox 1463 1598 1779 1669; x_wconf 88' lang='lat' dir='ltr'><strong>militum</strong></span> <span class='ocrx_word' id='word_1_94' title='bbox 1803 1596 2169 1668; x_wconf 84' lang='lat' dir='ltr'><strong>creandis:</strong></span> <span class='ocrx_word' id='word_1_95' title='bbox 2200 1608 2400 1666; x_wconf 89' lang='lat' dir='ltr'><strong>certo</strong></span> <span class='ocrx_word' id='word_1_96' title='bbox 2428 1607 2536 1663; x_wconf 90' lang='lat' dir='ltr'><strong>ta-</strong></span> 
     </span>
     <span class='ocr_line' id='line_1_13' title="bbox 403 1703 2543 1813; baseline -0.002 -36"><span class='ocrx_word' id='word_1_97' title='bbox 403 1732 591 1813; x_wconf 88' lang='lat' dir='ltr'><strong>men.</strong></span> <span class='ocrx_word' id='word_1_98' title='bbox 611 1721 860 1804; x_wconf 82' lang='lat' dir='ltr'><strong>pacto,</strong></span> <span class='ocrx_word' id='word_1_99' title='bbox 889 1730 985 1775; x_wconf 88' lang='lat' dir='ltr'><strong>ne</strong></span> <span class='ocrx_word' id='word_1_100' title='bbox 1010 1706 1215 1800; x_wconf 87' lang='lat' dir='ltr'><strong>cujus</strong></span> <span class='ocrx_word' id='word_1_101' title='bbox 1245 1707 1430 1777; x_wconf 89' lang='lat' dir='ltr'><strong>ratio</strong></span> <span class='ocrx_word' id='word_1_102' title='bbox 1457 1704 1873 1795; x_wconf 83' lang='lat' dir='ltr'><strong>haberetur,</strong></span> <span class='ocrx_word' id='word_1_103' title='bbox 1908 1707 2037 1802; x_wconf 89' lang='lat' dir='ltr'><strong>qui</strong></span> <span class='ocrx_word' id='word_1_104' title='bbox 2075 1730 2163 1774; x_wconf 92' lang='lat' dir='ltr'><strong>eo</strong></span> <span class='ocrx_word' id='word_1_105' title='bbox 2195 1727 2390 1774; x_wconf 91' lang='lat' dir='ltr'><strong>anno</strong></span> <span class='ocrx_word' id='word_1_106' title='bbox 2423 1703 2543 1771; x_wconf 91' lang='lat' dir='ltr'><strong>tri-</strong></span> 
     </span>
     <span class='ocr_line' id='line_1_14' title="bbox 406 1815 2543 1914; baseline -0.002 -28"><span class='ocrx_word' id='word_1_107' title='bbox 406 1816 654 1887; x_wconf 89' lang='lat' dir='ltr'><strong>bunus</strong></span> <span class='ocrx_word' id='word_1_108' title='bbox 706 1815 938 1914; x_wconf 91' lang='lat' dir='ltr'><strong>plebis</strong></span> <span class='ocrx_word' id='word_1_109' title='bbox 984 1831 1205 1904; x_wconf 90' lang='lat' dir='ltr'><strong>esset,</strong></span> <span class='ocrx_word' id='word_1_110' title='bbox 1262 1842 1445 1887; x_wconf 89' lang='lat' dir='ltr'><strong>neve</strong></span> <span class='ocrx_word' id='word_1_111' title='bbox 1485 1819 1650 1913; x_wconf 91' lang='lat' dir='ltr'><strong>quis</strong></span> <span class='ocrx_word' id='word_1_112' title='bbox 1690 1815 2109 1886; x_wconf 85' lang='lat' dir='ltr'><strong>reficeretur</strong></span> <span class='ocrx_word' id='word_1_113' title='bbox 2152 1816 2229 1883; x_wconf 91' lang='lat' dir='ltr'><strong>in</strong></span> <span class='ocrx_word' id='word_1_114' title='bbox 2270 1837 2543 1883; x_wconf 91' lang='lat' dir='ltr'><strong>annum</strong></span> 
     </span>
     <span class='ocr_line' id='line_1_15' title="bbox 404 1924 2538 2022; baseline -0.002 -25"><span class='ocrx_word' id='word_1_115' title='bbox 404 1925 746 1997; x_wconf 88' lang='lat' dir='ltr'><strong>tribunus</strong></span> <span class='ocrx_word' id='word_1_116' title='bbox 783 1924 1051 2022; x_wconf 90' lang='lat' dir='ltr'><strong>plebis;</strong></span> <span class='ocrx_word' id='word_1_117' title='bbox 1080 1926 1277 1996; x_wconf 89' lang='lat' dir='ltr'><strong>haud</strong></span> <span class='ocrx_word' id='word_1_118' title='bbox 1312 1925 1534 1997; x_wconf 90' lang='lat' dir='ltr'><strong>dubie</strong></span> <span class='ocrx_word' id='word_1_119' title='bbox 1566 1927 1800 1997; x_wconf 89' lang='lat' dir='ltr'><strong>Icilios</strong></span> <span class='ocrx_word' id='word_1_120' title='bbox 1829 1924 2221 2019; x_wconf 76' lang='lat' dir='ltr'><strong>denotante</strong></span> <span class='ocrx_word' id='word_1_121' title='bbox 2250 1937 2538 2011; x_wconf 89' lang='lat' dir='ltr'><strong>senatu,</strong></span> 
     </span>
     <span class='ocr_line' id='line_1_16' title="bbox 406 2033 2540 2133; baseline -0.002 -26"><span class='ocrx_word' id='word_1_122' title='bbox 406 2060 590 2132; x_wconf 89' lang='lat' dir='ltr'><strong>quos</strong></span> <span class='ocrx_word' id='word_1_123' title='bbox 611 2035 1022 2106; x_wconf 88' lang='lat' dir='ltr'><strong>mercedem</strong></span> <span class='ocrx_word' id='word_1_124' title='bbox 1048 2035 1366 2107; x_wconf 88' lang='lat' dir='ltr'><strong>seditiosi</strong></span> <span class='ocrx_word' id='word_1_125' title='bbox 1387 2036 1798 2107; x_wconf 83' lang='lat' dir='ltr'><strong>tribunatus</strong></span> <span class='ocrx_word' id='word_1_126' title='bbox 1818 2048 2068 2133; x_wconf 88' lang='lat' dir='ltr'><strong>petere</strong></span> <span class='ocrx_word' id='word_1_127' title='bbox 2086 2033 2540 2104; x_wconf 84' lang='lat' dir='ltr'><strong>consulatum</strong></span> 
     </span>
     <span class='ocr_line' id='line_1_17' title="bbox 403 2142 2537 2241; baseline -0.001 -27"><span class='ocrx_word' id='word_1_128' title='bbox 403 2143 941 2216; x_wconf 85' lang='lat' dir='ltr'><strong>insimulabant.</strong></span> <span class='ocrx_word' id='word_1_129' title='bbox 981 2150 1163 2214; x_wconf 92' lang='lat' dir='ltr'><strong>Tum</strong></span> <span class='ocrx_word' id='word_1_130' title='bbox 1207 2146 1530 2217; x_wconf 89' lang='lat' dir='ltr'><strong>delectus</strong></span> <span class='ocrx_word' id='word_1_131' title='bbox 1576 2145 1870 2234; x_wconf 88' lang='lat' dir='ltr'><strong>haberi,</strong></span> <span class='ocrx_word' id='word_1_132' title='bbox 1915 2142 2339 2241; x_wconf 89' lang='lat' dir='ltr'><strong>bellumque</strong></span> <span class='ocrx_word' id='word_1_133' title='bbox 2381 2144 2537 2213; x_wconf 61' lang='lat' dir='ltr'><strong>om4·</strong></span> 
     </span>
     <span class='ocr_line' id='line_1_18' title="bbox 403 2252 2540 2356; baseline -0 -32"><span class='ocrx_word' id='word_1_134' title='bbox 403 2257 610 2327; x_wconf 90' lang='lat' dir='ltr'><strong>nium</strong></span> <span class='ocrx_word' id='word_1_135' title='bbox 651 2254 990 2325; x_wconf 89' lang='lat' dir='ltr'><strong>ordinum</strong></span> <span class='ocrx_word' id='word_1_136' title='bbox 1027 2278 1386 2329; x_wconf 89' lang='lat' dir='ltr'><strong>consensu</strong></span> <span class='ocrx_word' id='word_1_137' title='bbox 1431 2258 1760 2356; x_wconf 86' lang='lat' dir='ltr'><strong>apparari</strong></span> <span class='ocrx_word' id='word_1_138' title='bbox 1798 2271 2143 2354; x_wconf 85' lang='lat' dir='ltr'><strong>coeptum.</strong></span> <span class='ocrx_word' id='word_1_139' title='bbox 2190 2252 2540 2325; x_wconf 91' lang='lat' dir='ltr'><strong>Consules</strong></span> 
     </span>
     <span class='ocr_line' id='line_1_19' title="bbox 405 2363 2542 2462; baseline 0 -28"><span class='ocrx_word' id='word_1_140' title='bbox 405 2365 619 2436; x_wconf 89' lang='lat' dir='ltr'><strong>ambo</strong></span> <span class='ocrx_word' id='word_1_141' title='bbox 653 2366 956 2462; x_wconf 88' lang='lat' dir='ltr'><strong>profecti</strong></span> <span class='ocrx_word' id='word_1_142' title='bbox 982 2368 1124 2437; x_wconf 90' lang='lat' dir='ltr'><strong>sint</strong></span> <span class='ocrx_word' id='word_1_143' title='bbox 1157 2368 1247 2437; x_wconf 92' lang='lat' dir='ltr'><strong>ad</strong></span> <span class='ocrx_word' id='word_1_144' title='bbox 1275 2393 1512 2440; x_wconf 89' lang='lat' dir='ltr'><strong>arcem</strong></span> <span class='ocrx_word' id='word_1_145' title='bbox 1538 2374 2095 2456; x_wconf 85' lang='lat' dir='ltr'><strong>Carventanam,</strong></span> <span class='ocrx_word' id='word_1_146' title='bbox 2125 2390 2215 2436; x_wconf 92' lang='lat' dir='ltr'><strong>an</strong></span> <span class='ocrx_word' id='word_1_147' title='bbox 2243 2365 2421 2436; x_wconf 89' lang='lat' dir='ltr'><strong>alter</strong></span> <span class='ocrx_word' id='word_1_148' title='bbox 2449 2363 2542 2434; x_wconf 89' lang='lat' dir='ltr'><strong>ad</strong></span> 
     </span>
     <span class='ocr_line' id='line_1_20' title="bbox 410 2476 2544 2569; baseline 0.001 -25"><span class='ocrx_word' id='word_1_149' title='bbox 410 2477 697 2545; x_wconf 81' lang='lat' dir='ltr'><strong>comitia</strong></span> <span class='ocrx_word' id='word_1_150' title='bbox 718 2476 1051 2548; x_wconf 89' lang='lat' dir='ltr'><strong>habenda</strong></span> <span class='ocrx_word' id='word_1_151' title='bbox 1076 2479 1513 2569; x_wconf 84' lang='lat' dir='ltr'><strong>substiterit,</strong></span> <span class='ocrx_word' id='word_1_152' title='bbox 1545 2478 1906 2551; x_wconf 86' lang='lat' dir='ltr'><strong>incertum</strong></span> <span class='ocrx_word' id='word_1_153' title='bbox 1929 2478 2188 2550; x_wconf 86' lang='lat' dir='ltr'><strong>diversi</strong></span> <span class='ocrx_word' id='word_1_154' title='bbox 2213 2491 2544 2547; x_wconf 88' lang='lat' dir='ltr'><strong>auctores</strong></span> 
     </span>
     <span class='ocr_line' id='line_1_21' title="bbox 409 2578 2544 2686; baseline 0.004 -36"><span class='ocrx_word' id='word_1_155' title='bbox 409 2578 720 2652; x_wconf 88' lang='lat' dir='ltr'><strong>faciunt:</strong></span> <span class='ocrx_word' id='word_1_156' title='bbox 749 2585 870 2654; x_wconf 82' lang='lat' dir='ltr'><strong>illa</strong></span> <span class='ocrx_word' id='word_1_157' title='bbox 897 2609 1032 2680; x_wconf 90' lang='lat' dir='ltr'><strong>pro</strong></span> <span class='ocrx_word' id='word_1_158' title='bbox 1064 2602 1264 2657; x_wconf 90' lang='lat' dir='ltr'><strong>certo</strong></span> <span class='ocrx_word' id='word_1_159' title='bbox 1294 2588 1660 2678; x_wconf 90' lang='lat' dir='ltr'><strong>habenda,</strong></span> <span class='ocrx_word' id='word_1_160' title='bbox 1690 2592 1766 2660; x_wconf 91' lang='lat' dir='ltr'><strong>in</strong></span> <span class='ocrx_word' id='word_1_161' title='bbox 1791 2588 2059 2686; x_wconf 90' lang='lat' dir='ltr'><strong>quibus</strong></span> <span class='ocrx_word' id='word_1_162' title='bbox 2091 2613 2243 2659; x_wconf 92' lang='lat' dir='ltr'><strong>non</strong></span> <span class='ocrx_word' id='word_1_163' title='bbox 2279 2588 2544 2658; x_wconf 90' lang='lat' dir='ltr'><strong>dissen-</strong></span> 
     </span>
     <span class='ocr_line' id='line_1_22' title="bbox 409 2692 2546 2793; baseline 0.002 -33"><span class='ocrx_word' id='word_1_164' title='bbox 409 2692 640 2778; x_wconf 89' lang='lat' dir='ltr'><strong>tiunt,</strong></span> <span class='ocrx_word' id='word_1_165' title='bbox 673 2692 765 2761; x_wconf 91' lang='lat' dir='ltr'><strong>ab</strong></span> <span class='ocrx_word' id='word_1_166' title='bbox 789 2716 948 2763; x_wconf 89' lang='lat' dir='ltr'><strong>arce</strong></span> <span class='ocrx_word' id='word_1_167' title='bbox 980 2698 1458 2785; x_wconf 82' lang='lat' dir='ltr'><strong>Carventana,</strong></span> <span class='ocrx_word' id='word_1_168' title='bbox 1489 2722 1716 2793; x_wconf 92' lang='lat' dir='ltr'><strong>quum</strong></span> <span class='ocrx_word' id='word_1_169' title='bbox 1750 2697 1877 2767; x_wconf 90' lang='lat' dir='ltr'><strong>diu</strong></span> <span class='ocrx_word' id='word_1_170' title='bbox 1903 2697 2402 2793; x_wconf 88' lang='lat' dir='ltr'><strong>nequidquam</strong></span> <span class='ocrx_word' id='word_1_171' title='bbox 2430 2719 2546 2791; x_wconf 90' lang='lat' dir='ltr'><strong>op-</strong></span> 
     </span>
     <span class='ocr_line' id='line_1_23' title="bbox 410 2805 2539 2903; baseline 0.002 -32"><span class='ocrx_word' id='word_1_172' title='bbox 410 2814 733 2899; x_wconf 85' lang='lat' dir='ltr'><strong>pugnata</strong></span> <span class='ocrx_word' id='word_1_173' title='bbox 764 2818 949 2873; x_wconf 90' lang='lat' dir='ltr'><strong>esset</strong></span> <span class='ocrx_word' id='word_1_174' title='bbox 971 2857 990 2890; x_wconf 93' lang='lat'><strong>,</strong></span> <span class='ocrx_word' id='word_1_175' title='bbox 1022 2827 1383 2874; x_wconf 91' lang='lat' dir='ltr'><strong>recessum</strong></span> <span class='ocrx_word' id='word_1_176' title='bbox 1413 2833 1428 2873; x_wconf 89' lang='lat'>:</span> <span class='ocrx_word' id='word_1_177' title='bbox 1467 2808 1989 2903; x_wconf 79' lang='lat' dir='ltr'><strong>Verruginem‘·</strong></span> <span class='ocrx_word' id='word_1_178' title='bbox 2012 2809 2089 2875; x_wconf 88' lang='lat' dir='ltr'><strong>in</strong></span> <span class='ocrx_word' id='word_1_179' title='bbox 2108 2805 2385 2877; x_wconf 85' lang='lat' dir='ltr'><strong>Volscis</strong></span> <span class='ocrx_word' id='word_1_180' title='bbox 2422 2830 2539 2875; x_wconf 90' lang='lat' dir='ltr'><strong>eo·</strong></span> 
     </span>
     <span class='ocr_line' id='line_1_24' title="bbox 411 2912 2540 3012; baseline -0 -30"><span class='ocrx_word' id='word_1_181' title='bbox 411 2912 578 2983; x_wconf 90' lang='lat' dir='ltr'><strong>dem</strong></span> <span class='ocrx_word' id='word_1_182' title='bbox 606 2914 927 2984; x_wconf 84' lang='lat' dir='ltr'><strong>exercitu</strong></span> <span class='ocrx_word' id='word_1_183' title='bbox 954 2927 1356 3010; x_wconf 88' lang='lat' dir='ltr'><strong>receptam,</strong></span> <span class='ocrx_word' id='word_1_184' title='bbox 1387 2914 2038 3012; x_wconf 88' lang='lat' dir='ltr'><strong>populationesque</strong></span> <span class='ocrx_word' id='word_1_185' title='bbox 2066 2928 2137 2984; x_wconf 89' lang='lat' dir='ltr'><strong>et</strong></span> <span class='ocrx_word' id='word_1_186' title='bbox 2164 2913 2441 3010; x_wconf 78' lang='lat' dir='ltr'><strong>praedas</strong></span> <span class='ocrx_word' id='word_1_187' title='bbox 2469 2925 2540 2981; x_wconf 89' lang='lat' dir='ltr'><strong>et</strong></span> 
     </span>
     <span class='ocr_line' id='line_1_25' title="bbox 410 3022 2131 3120; baseline -0.001 -28"><span class='ocrx_word' id='word_1_188' title='bbox 410 3024 488 3092; x_wconf 85' lang='lat' dir='ltr'><strong>in</strong></span> <span class='ocrx_word' id='word_1_189' title='bbox 523 3024 768 3119; x_wconf 90' lang='lat' dir='ltr'><strong>AEquis</strong></span> <span class='ocrx_word' id='word_1_190' title='bbox 806 3036 877 3093; x_wconf 93' lang='lat' dir='ltr'><strong>et</strong></span> <span class='ocrx_word' id='word_1_191' title='bbox 917 3025 992 3092; x_wconf 92' lang='lat' dir='ltr'><strong>in</strong></span> <span class='ocrx_word' id='word_1_192' title='bbox 1028 3023 1271 3093; x_wconf 85' lang='lat' dir='ltr'><strong>volsco</strong></span> <span class='ocrx_word' id='word_1_193' title='bbox 1310 3048 1483 3120; x_wconf 84' lang='lat' dir='ltr'><strong>agro</strong></span> <span class='ocrx_word' id='word_1_194' title='bbox 1526 3024 1854 3119; x_wconf 83' lang='lat' dir='ltr'><strong>ingentes</strong></span> <span class='ocrx_word' id='word_1_195' title='bbox 1890 3022 2131 3093; x_wconf 84' lang='lat' dir='ltr'><strong>factas.</strong></span> 
     </span>
    </p>

    <p class='ocr_par' dir='ltr' id='par_1_2' title="bbox 413 3131 2545 3453">
     <span class='ocr_line' id='line_1_26' title="bbox 507 3131 2545 3231; baseline -0 -29"><span class='ocrx_word' id='word_1_196' title='bbox 507 3138 682 3203; x_wconf 87' lang='lat' dir='ltr'><strong>LVI.</strong></span> <span class='ocrx_word' id='word_1_197' title='bbox 722 3139 966 3204; x_wconf 84' lang='lat' dir='ltr'><strong>Romae</strong></span> <span class='ocrx_word' id='word_1_198' title='bbox 1004 3136 1187 3204; x_wconf 89' lang='lat' dir='ltr'><strong>sicut</strong></span> <span class='ocrx_word' id='word_1_199' title='bbox 1222 3131 1453 3231; x_wconf 90' lang='lat' dir='ltr'><strong>plebis</strong></span> <span class='ocrx_word' id='word_1_200' title='bbox 1482 3134 1781 3204; x_wconf 84' lang='lat' dir='ltr'><strong>victoria</strong></span> <span class='ocrx_word' id='word_1_201' title='bbox 1815 3132 1953 3204; x_wconf 87' lang='lat' dir='ltr'><strong>fuit</strong></span> <span class='ocrx_word' id='word_1_202' title='bbox 1984 3134 2060 3203; x_wconf 93' lang='lat' dir='ltr'><strong>in</strong></span> <span class='ocrx_word' id='word_1_203' title='bbox 2095 3158 2212 3222; x_wconf 91' lang='lat' dir='ltr'><strong>e0,</strong></span> <span class='ocrx_word' id='word_1_204' title='bbox 2237 3146 2354 3222; x_wconf 91' lang='lat' dir='ltr'><strong>ut,</strong></span> <span class='ocrx_word' id='word_1_205' title='bbox 2383 3156 2545 3229; x_wconf 83' lang='lat' dir='ltr'><strong>quae</strong></span> 
     </span>
     <span class='ocr_line' id='line_1_27' title="bbox 413 3240 2544 3333; baseline 0.001 -23"><span class='ocrx_word' id='word_1_206' title='bbox 413 3240 738 3328; x_wconf 85' lang='lat' dir='ltr'><strong>mallent,</strong></span> <span class='ocrx_word' id='word_1_207' title='bbox 771 3245 1055 3314; x_wconf 85' lang='lat' dir='ltr'><strong>comitia</strong></span> <span class='ocrx_word' id='word_1_208' title='bbox 1084 3242 1438 3315; x_wconf 86' lang='lat' dir='ltr'><strong>haberent</strong></span> <span class='ocrx_word' id='word_1_209' title='bbox 1464 3271 1491 3314; x_wconf 91' lang='lat'><strong>:·</strong></span> <span class='ocrx_word' id='word_1_210' title='bbox 1509 3245 1606 3314; x_wconf 86' lang='lat' dir='ltr'><strong>ita</strong></span> <span class='ocrx_word' id='word_1_211' title='bbox 1636 3258 1903 3315; x_wconf 84' lang='lat' dir='ltr'><strong>eventu</strong></span> <span class='ocrx_word' id='word_1_212' title='bbox 1936 3245 2392 3316; x_wconf 89' lang='lat' dir='ltr'><strong>comitiorum</strong></span> <span class='ocrx_word' id='word_1_213' title='bbox 2421 3249 2544 3333; x_wconf 68' lang='lat' dir='ltr'><strong>Pa-</strong></span> 
     </span>
     <span class='ocr_line' id='line_1_28' title="bbox 416 3354 2541 3453; baseline 0.002 -33"><span class='ocrx_word' id='word_1_214' title='bbox 416 3366 560 3421; x_wconf 84' lang='lat' dir='ltr'><strong>tres</strong></span> <span class='ocrx_word' id='word_1_215' title='bbox 596 3354 829 3424; x_wconf 87' lang='lat' dir='ltr'><strong>vicere</strong></span> <span class='ocrx_word' id='word_1_216' title='bbox 867 3382 882 3424; x_wconf 87' lang='lat'>:</span> <span class='ocrx_word' id='word_1_217' title='bbox 927 3380 1243 3453; x_wconf 88' lang='lat' dir='ltr'><strong>namque</strong></span> <span class='ocrx_word' id='word_1_218' title='bbox 1280 3356 1558 3427; x_wconf 88' lang='lat' dir='ltr'><strong>tribuni</strong></span> <span class='ocrx_word' id='word_1_219' title='bbox 1591 3356 1903 3427; x_wconf 87' lang='lat' dir='ltr'><strong>militum</strong></span> <span class='ocrx_word' id='word_1_220' title='bbox 1939 3357 2302 3429; x_wconf 87' lang='lat' dir='ltr'><strong>consulari</strong></span> <span class='ocrx_word' id='word_1_221' title='bbox 2334 3369 2541 3453; x_wconf 87' lang='lat' dir='ltr'><strong>pote-</strong></span> 
     </span>
    </p>
   </div>
   <div class='ocr_carea' id='block_1_2' title="bbox 418 3569 2542 3627">
    <p class='ocr_par' dir='ltr' id='par_1_3' title="bbox 418 3569 2542 3627">
     <span class='ocr_line' id='line_1_29' title="bbox 418 3569 2542 3627; baseline 0.003 -11"><span class='ocrx_word' id='word_1_222' title='bbox 418 3570 532 3616; x_wconf 82' lang='lat' dir='ltr'><strong>vide</strong></span> <span class='ocrx_word' id='word_1_223' title='bbox 570 3569 634 3616; x_wconf 87' lang='lat' dir='ltr'><strong>ad</strong></span> <span class='ocrx_word' id='word_1_224' title='bbox 677 3570 779 3627; x_wconf 88' lang='lat'><strong>111,</strong></span> <span class='ocrx_word' id='word_1_225' title='bbox 823 3570 881 3615; x_wconf 86' lang='lat'><strong>13</strong></span> <span class='ocrx_word' id='word_1_226' title='bbox 896 3604 910 3627; x_wconf 90' lang='lat'>‚</span> <span class='ocrx_word' id='word_1_227' title='bbox 965 3587 1015 3616; x_wconf 87' lang='lat' dir='ltr'><strong>n.</strong></span> <span class='ocrx_word' id='word_1_228' title='bbox 1063 3573 1112 3618; x_wconf 90' lang='lat'><strong>6.</strong></span> <span class='ocrx_word' id='word_1_229' title='bbox 1156 3570 1435 3619; x_wconf 78' lang='lat' dir='ltr'><strong>Tribunieiae</strong></span> <span class='ocrx_word' id='word_1_230' title='bbox 1523 3574 1818 3621; x_wconf 75' lang='lat' dir='ltr'><strong>consulatus.</strong></span> <span class='ocrx_word' id='word_1_231' title='bbox 1846 3575 1993 3622; x_wconf 83' lang='lat' dir='ltr'><strong>Unde</strong></span> <span class='ocrx_word' id='word_1_232' title='bbox 2007 3575 2262 3622; x_wconf 80' lang='lat' dir='ltr'><strong>&#39;existimat</strong></span> <span class='ocrx_word' id='word_1_233' title='bbox 2287 3574 2542 3623; x_wconf 82' lang='lat' dir='ltr'><strong>Creverius</strong></span> 
     </span>
    </p>
   </div>
   <div class='ocr_carea' id='block_1_3' title="bbox 390 3646 2547 3874">
    <p class='ocr_par' dir='ltr' id='par_1_4' title="bbox 390 3646 2547 3874">
     <span class='ocr_line' id='line_1_30' title="bbox 390 3646 2546 3711; baseline 0.002 -14"><span class='ocrx_word' id='word_1_234' title='bbox 390 3648 624 3706; x_wconf 80' lang='lat' dir='ltr'><strong>.accioni,</strong></span> <span class='ocrx_word' id='word_1_235' title='bbox 647 3647 761 3695; x_wconf 82' lang='lat' dir='ltr'><strong>vide</strong></span> <span class='ocrx_word' id='word_1_236' title='bbox 783 3646 846 3693; x_wconf 85' lang='lat' dir='ltr'><strong>ad</strong></span> <span class='ocrx_word' id='word_1_237' title='bbox 865 3649 942 3705; x_wconf 87' lang='lat'><strong>11,</strong></span> <span class='ocrx_word' id='word_1_238' title='bbox 971 3647 1034 3694; x_wconf 82' lang='lat'><strong>56</strong></span> <span class='ocrx_word' id='word_1_239' title='bbox 1049 3683 1063 3707; x_wconf 91' lang='lat'><strong>,</strong></span> <span class='ocrx_word' id='word_1_240' title='bbox 1084 3665 1134 3695; x_wconf 90' lang='lat' dir='ltr'><strong>n.</strong></span> <span class='ocrx_word' id='word_1_241' title='bbox 1161 3657 1210 3703; x_wconf 81' lang='grc'><strong>4.</strong></span> <span class='ocrx_word' id='word_1_242' title='bbox 1521 3652 1754 3699; x_wconf 77' lang='lat' dir='ltr'><strong>mendum</strong></span> <span class='ocrx_word' id='word_1_243' title='bbox 1782 3667 1885 3699; x_wconf 78' lang='lat' dir='ltr'><strong>esse</strong></span> <span class='ocrx_word' id='word_1_244' title='bbox 1910 3654 1964 3699; x_wconf 87' lang='lat' dir='ltr'><strong>in</strong></span> <span class='ocrx_word' id='word_1_245' title='bbox 1985 3668 2107 3700; x_wconf 82' lang='lat' dir='ltr'><strong>voce</strong></span> <span class='ocrx_word' id='word_1_246' title='bbox 2135 3653 2462 3711; x_wconf 81' lang='lat' dir='ltr'><strong>consulatum,</strong></span> <span class='ocrx_word' id='word_1_247' title='bbox 2494 3664 2546 3702; x_wconf 85' lang='lat' dir='ltr'><strong>et</strong></span> 
     </span>
     <span class='ocr_line' id='line_1_31' title="bbox 490 3726 2545 3796; baseline 0.003 -22"><span class='ocrx_word' id='word_1_248' title='bbox 490 3729 537 3774; x_wconf 83' lang='lat'><strong>3.</strong></span> <span class='ocrx_word' id='word_1_249' title='bbox 553 3726 765 3774; x_wconf 71' lang='lat' dir='ltr'><strong>Publica.»</strong></span> <span class='ocrx_word' id='word_1_250' title='bbox 785 3728 1077 3789; x_wconf 79' lang='lat' dir='ltr'><strong>tempestati,</strong></span> <span class='ocrx_word' id='word_1_251' title='bbox 1104 3728 1322 3791; x_wconf 84' lang='lat' dir='ltr'><strong>periculo</strong></span> <span class='ocrx_word' id='word_1_252' title='bbox 1342 3746 1434 3793; x_wconf 89' lang='lat' dir='ltr'><strong>pu·</strong></span> <span class='ocrx_word' id='word_1_253' title='bbox 1523 3731 1627 3790; x_wconf 85' lang='lat' dir='ltr'><strong>ejus</strong></span> <span class='ocrx_word' id='word_1_254' title='bbox 1649 3731 1763 3778; x_wconf 87' lang='lat' dir='ltr'><strong>loco</strong></span> <span class='ocrx_word' id='word_1_255' title='bbox 1786 3731 1881 3794; x_wconf 85' lang='lat' dir='ltr'><strong>legi</strong></span> <span class='ocrx_word' id='word_1_256' title='bbox 1902 3747 2049 3796; x_wconf 81' lang='lat' dir='ltr'><strong>posse</strong></span> <span class='ocrx_word' id='word_1_257' title='bbox 2070 3731 2388 3778; x_wconf 83' lang='lat' dir='ltr'><strong>consularem.</strong></span> <span class='ocrx_word' id='word_1_258' title='bbox 2415 3732 2545 3794; x_wconf 79' lang='lat' dir='ltr'><strong>Quos</strong></span> 
     </span>
     <span class='ocr_line' id='line_1_32' title="bbox 418 3807 2547 3874; baseline 0.001 -19"><span class='ocrx_word' id='word_1_259' title='bbox 418 3807 551 3855; x_wconf 83' lang='lat' dir='ltr'><strong>blico</strong></span> <span class='ocrx_word' id='word_1_260' title='bbox 565 3843 580 3868; x_wconf 90' lang='lat'><strong>,</strong></span> <span class='ocrx_word' id='word_1_261' title='bbox 599 3824 686 3854; x_wconf 81' lang='lat' dir='ltr'><strong>seu</strong></span> <span class='ocrx_word' id='word_1_262' title='bbox 707 3807 891 3871; x_wconf 74' lang='lat' dir='ltr'><strong>patriae.</strong></span> <span class='ocrx_word' id='word_1_263' title='bbox 922 3832 992 3842; x_wconf 92' lang='lat'><strong>--</strong></span> <span class='ocrx_word' id='word_1_264' title='bbox 1018 3808 1189 3853; x_wconf 78' lang='lat' dir='ltr'><strong>Petere</strong></span> <span class='ocrx_word' id='word_1_265' title='bbox 1213 3810 1436 3856; x_wconf 80' lang='lat' dir='ltr'><strong>consula-</strong></span> <span class='ocrx_word' id='word_1_266' title='bbox 1525 3808 1819 3865; x_wconf 80' lang='lat' dir='ltr'><strong>mercedem,</strong></span> <span class='ocrx_word' id='word_1_267' title='bbox 1845 3808 1901 3855; x_wconf 82' lang='lat' dir='ltr'><strong>id</strong></span> <span class='ocrx_word' id='word_1_268' title='bbox 1926 3819 2024 3866; x_wconf 79' lang='lat' dir='ltr'><strong>est,</strong></span> <span class='ocrx_word' id='word_1_269' title='bbox 2060 3824 2155 3874; x_wconf 84' lang='lat' dir='ltr'><strong>pro</strong></span> <span class='ocrx_word' id='word_1_270' title='bbox 2177 3810 2399 3858; x_wconf 80' lang='lat' dir='ltr'><strong>mercede</strong></span> <span class='ocrx_word' id='word_1_271' title='bbox 2422 3810 2547 3858; x_wconf 83' lang='lat' dir='ltr'><strong>sedi-</strong></span> 
     </span>
    </p>
   </div>
   <div class='ocr_carea' id='block_1_4' title="bbox 420 3884 2555 4192">
    <p class='ocr_par' dir='ltr' id='par_1_5' title="bbox 420 3884 2555 4192">
     <span class='ocr_line' id='line_1_33' title="bbox 421 3884 2545 3951; baseline 0.001 -16"><span class='ocrx_word' id='word_1_272' title='bbox 421 3898 522 3935; x_wconf 84' lang='lat' dir='ltr'><strong>tum</strong></span> <span class='ocrx_word' id='word_1_273' title='bbox 532 3904 553 3944; x_wconf 93' lang='lat'><strong>,·</strong></span> <span class='ocrx_word' id='word_1_274' title='bbox 579 3886 857 3934; x_wconf 72' lang='lat' dir='ltr'><strong>consulatus</strong></span> <span class='ocrx_word' id='word_1_275' title='bbox 878 3885 1097 3933; x_wconf 89' lang='lat' dir='ltr'><strong>nondum</strong></span> <span class='ocrx_word' id='word_1_276' title='bbox 1123 3884 1319 3951; x_wconf 80' lang='lat' dir='ltr'><strong>patebat</strong></span> <span class='ocrx_word' id='word_1_277' title='bbox 1339 3887 1438 3951; x_wconf 82' lang='lat' dir='ltr'><strong>ple-</strong></span> <span class='ocrx_word' id='word_1_278' title='bbox 1525 3888 1639 3935; x_wconf 82' lang='lat' dir='ltr'><strong>tiosi</strong></span> <span class='ocrx_word' id='word_1_279' title='bbox 1648 3887 1920 3934; x_wconf 72' lang='lat' dir='ltr'><strong>tribunatus</strong></span> <span class='ocrx_word' id='word_1_280' title='bbox 1922 3899 2091 3950; x_wconf 81' lang='lat' dir='ltr'><strong>petere</strong></span> <span class='ocrx_word' id='word_1_281' title='bbox 2102 3889 2402 3936; x_wconf 78' lang='lat' dir='ltr'><strong>consularem</strong></span> <span class='ocrx_word' id='word_1_282' title='bbox 2414 3906 2545 3937; x_wconf 84' lang='lat' dir='ltr'><strong>nem-</strong></span> 
     </span>
     <span class='ocr_line' id='line_1_34' title="bbox 420 3964 2410 4032; baseline 0.001 -18"><span class='ocrx_word' id='word_1_283' title='bbox 420 3967 574 4026; x_wconf 72' lang='lat' dir='ltr'><strong>beiio,</strong></span> <span class='ocrx_word' id='word_1_284' title='bbox 618 3964 923 4031; x_wconf 82' lang='lat' dir='ltr'><strong>proindeque</strong></span> <span class='ocrx_word' id='word_1_285' title='bbox 955 3966 1112 4025; x_wconf 81' lang='lat' dir='ltr'><strong>Icilii,</strong></span> <span class='ocrx_word' id='word_1_286' title='bbox 1153 3978 1301 4028; x_wconf 86' lang='lat' dir='ltr'><strong>quum</strong></span> <span class='ocrx_word' id='word_1_287' title='bbox 1331 3965 1438 4014; x_wconf 79' lang='lat' dir='ltr'><strong>fieri</strong></span> <span class='ocrx_word' id='word_1_288' title='bbox 1524 3983 1588 4032; x_wconf 83' lang='lat' dir='ltr'><strong>pe</strong></span> <span class='ocrx_word' id='word_1_289' title='bbox 1611 3966 1910 4014; x_wconf 85' lang='lat' dir='ltr'><strong>tribunatum</strong></span> <span class='ocrx_word' id='word_1_290' title='bbox 1936 3966 2294 4015; x_wconf 78' lang='lat' dir='ltr'><strong>insimulabant.</strong></span> <span class='ocrx_word' id='word_1_291' title='bbox 2320 3968 2410 4016; x_wconf 82' lang='lat' dir='ltr'><strong>En.</strong></span> 
     </span>
     <span class='ocr_line' id='line_1_35' title="bbox 424 4044 2555 4119; baseline 0.001 -25"><span class='ocrx_word' id='word_1_292' title='bbox 424 4049 647 4095; x_wconf 85' lang='lat' dir='ltr'><strong>consules</strong></span> <span class='ocrx_word' id='word_1_293' title='bbox 683 4047 885 4095; x_wconf 87' lang='lat' dir='ltr'><strong>omnino</strong></span> <span class='ocrx_word' id='word_1_294' title='bbox 911 4060 1013 4093; x_wconf 90' lang='lat' dir='ltr'><strong>non</strong></span> <span class='ocrx_word' id='word_1_295' title='bbox 1041 4054 1272 4119; x_wconf 74' lang='lat' dir='ltr'><strong>possent,</strong></span> <span class='ocrx_word' id='word_1_296' title='bbox 1318 4045 1438 4092; x_wconf 78' lang='lat' dir='ltr'><strong>insi·</strong></span> <span class='ocrx_word' id='word_1_297' title='bbox 1540 4072 1545 4076; x_wconf 89' lang='lat'><strong>·</strong></span> <span class='ocrx_word' id='word_1_298' title='bbox 1586 4052 1646 4102; x_wconf 60' lang='grc'><strong>4.</strong></span> <span class='ocrx_word' id='word_1_299' title='bbox 1672 4044 1981 4111; x_wconf 78' lang='lat' dir='ltr'><strong>Verruginem</strong></span> <span class='ocrx_word' id='word_1_300' title='bbox 1999 4044 2143 4111; x_wconf 83' lang='lat' dir='ltr'><strong>(vide</strong></span> <span class='ocrx_word' id='word_1_301' title='bbox 2160 4047 2222 4094; x_wconf 87' lang='lat' dir='ltr'><strong>ad</strong></span> <span class='ocrx_word' id='word_1_302' title='bbox 2238 4048 2329 4106; x_wconf 82' lang='lat' dir='ltr'><strong>IV,</strong></span> <span class='ocrx_word' id='word_1_303' title='bbox 2353 4063 2399 4105; x_wconf 87' lang='lat'><strong>1,</strong></span> <span class='ocrx_word' id='word_1_304' title='bbox 2417 4065 2466 4096; x_wconf 88' lang='lat' dir='ltr'><strong>n.</strong></span> <span class='ocrx_word' id='word_1_305' title='bbox 2481 4048 2555 4114; x_wconf 81' lang='lat'><strong>5)-</strong></span> 
     </span>
     <span class='ocr_line' id='line_1_36' title="bbox 424 4124 2394 4192; baseline 0.001 -19"><span class='ocrx_word' id='word_1_306' title='bbox 424 4126 596 4174; x_wconf 78' lang='lat' dir='ltr'><strong>mulari</strong></span> <span class='ocrx_word' id='word_1_307' title='bbox 625 4142 819 4191; x_wconf 85' lang='lat' dir='ltr'><strong>quoque</strong></span> <span class='ocrx_word' id='word_1_308' title='bbox 844 4141 947 4174; x_wconf 85' lang='lat' dir='ltr'><strong>non</strong></span> <span class='ocrx_word' id='word_1_309' title='bbox 974 4136 1202 4191; x_wconf 83' lang='lat' dir='ltr'><strong>poterant</strong></span> <span class='ocrx_word' id='word_1_310' title='bbox 1227 4124 1439 4174; x_wconf 83' lang='lat' dir='ltr'><strong>affectati</strong></span> <span class='ocrx_word' id='word_1_311' title='bbox 1528 4126 1577 4174; x_wconf 82' lang='lat' dir='ltr'><strong>in</strong></span> <span class='ocrx_word' id='word_1_312' title='bbox 1590 4125 1798 4183; x_wconf 80' lang='lat' dir='ltr'><strong>Volscis,</strong></span> <span class='ocrx_word' id='word_1_313' title='bbox 1827 4126 1879 4174; x_wconf 84' lang='lat' dir='ltr'><strong>in</strong></span> <span class='ocrx_word' id='word_1_314' title='bbox 1889 4126 2072 4175; x_wconf 71' lang='lat' dir='ltr'><strong>Volsco</strong></span> <span class='ocrx_word' id='word_1_315' title='bbox 2095 4143 2211 4192; x_wconf 81' lang='lat' dir='ltr'><strong>agro</strong></span> <span class='ocrx_word' id='word_1_316' title='bbox 2238 4127 2394 4175; x_wconf 82' lang='lat' dir='ltr'><strong>sitam.</strong></span> 
     </span>
    </p>
   </div>
  </div>
 </body>
</html>
