3000 4717
495 358 632 404 222
1341 336 1421 403 T.
1487 335 1769 405 LIVII
2323 323 2377 421 ῧζ
2401 325 2451 423 ἓῖ
2475 324 2571 426 ζξζζ

487 487 523 524 «
552 455 874 556 perpulit
913 484 929 526 ε
969 456 1275 554 quippe,
1312 471 1396 528 ut
1418 458 1494 527 in
1522 481 1652 529 sua
1685 455 1855 530 sede
1880 474 2207 533 maneret
2243 465 2471 560 patria
2489 519 2510 554 ‚
2548 467 2623 537 id

486 598 522 635 α
553 567 932 667 agebatur;
958 592 1112 638 non
1137 581 1222 638 ut
1244 591 1379 666 ego
1401 569 1658 664 utique
1683 570 1760 638 in
1783 569 2012 666 patria
2032 594 2287 644 essem.
2311 579 2405 645 Et
2425 601 2623 649 nunc

485 710 521 746 α
554 679 1001 777 quiescerem
1019 702 1101 749 ac
1123 693 1435 750 tacerem
1453 677 1797 767 libenter,
1819 680 1958 750 nisi
1983 679 2136 750 hoec
2162 706 2462 781 quoque
2485 711 2620 784 pro

483 821 521 857 <c
551 791 781 890 patria
812 788 1174 861 dimicatio
1202 803 1420 875 esset;
1453 790 1574 859 cui
1596 788 1880 875 deesse,
1909 789 2156 886 quoad
2185 793 2332 864 vita
2362 816 2620 892 suppe-

485 932 521 968 «
549 916 685 989 tat,
728 900 882 971 aliis
918 913 1169 998 turpe,
1204 897 1510 970 Camillo
1552 900 1766 971 etiam
1808 896 2011 971 nefas
2036 914 2164 972 est.
2198 904 2393 993 Quid
2425 906 2617 975 enim

479 1041 516 1078 «
551 1010 971 1110 repetiimus
986 1011 1062 1079 ²?
1120 1009 1299 1106 quid
1352 1008 1716 1080 obsessam
1762 1034 1851 1082 ex
1902 1009 2222 1082 hostium
2280 1013 2616 1089 manibus

463 1152 513 1187 ,α
547 1122 975 1219 eripuimus,
1005 1120 1063 1190 si
1085 1134 1586 1217 recuperatam
1613 1121 1751 1217 ipsi
1777 1119 2212 1194 deserimus?
2250 1138 2325 1195 et
2344 1150 2574 1222 quum
2590 1182 2609 1216 ,

477 1261 512 1298 «
545 1229 944 1306 victoribus
961 1229 1185 1302 Gallis
1200 1286 1220 1319 ‚
1254 1244 1460 1328 capta
1483 1244 1637 1301 tota
1656 1228 1843 1302 urbe
1859 1284 1878 1318 ‚
1915 1231 2351 1329 Capitolium
2371 1248 2613 1306 tamen

477 1373 513 1409 α
543 1358 764 1441 atque
806 1367 1045 1415 arcem
1097 1342 1345 1438 diique
1394 1356 1466 1413 et
1505 1340 1838 1412 homines
1885 1343 2167 1414 romani
2212 1347 2607 1436 tenuerint,

472 1482 510 1518 <c
544 1453 1062 1541 habitaverint;
1102 1450 1494 1523 victoribus
1527 1452 1903 1540 Romanis,
1936 1468 2358 1550 recuperata
2389 1447 2607 1546 urbe,

437 1559 442 1562 ’
471 1591 507 1627 «
541 1588 669 1633 arx
705 1587 1004 1660 quoque
1041 1576 1115 1633 et
1157 1563 1593 1659 Capitolium
1628 1562 2045 1634 deseretur?
2087 1577 2160 1634 et
2197 1561 2359 1660 plus
2394 1568 2609 1637 vasti-

469 1704 504 1739 «
539 1676 704 1746 tatis
739 1675 909 1744 huic
939 1671 1106 1743 urbi
1141 1673 1458 1745 secunda
1493 1688 1741 1746 nostra
1770 1672 2061 1745 fortuna
2098 1672 2345 1763 faciet,
2387 1702 2606 1774 quam

469 1815 504 1851 α
539 1784 832 1880 adversa
864 1781 1088 1854 fecit?
1135 1783 1490 1881 Equidem
1511 1781 1566 1872 ³,
1606 1785 1664 1855 si
1704 1782 1914 1855 nobis
1958 1801 2128 1856 cum
2168 1785 2350 1857 urbe
2392 1788 2606 1859 simul

469 1925 504 1962 <c
537 1897 789 1994 positae
807 1894 1228 1991 traditaeque
1249 1917 1382 1991 per
1401 1917 1658 1970 manus
1679 1892 2065 1992 religiones
2094 1895 2310 1968 nullae
2340 1911 2600 1987 essent,

465 2034 501 2071 «
534 2020 779 2078 tamen
804 2020 952 2078 tam
982 2004 1272 2076 evidens
1308 2025 1581 2075 numen
1609 2003 1745 2075 hac
1772 2019 2196 2103 tempestate
2227 2007 2448 2078 rebus
2475 2008 2600 2078 ad-

467 2146 502 2182 α
536 2116 674 2189 fuit
707 2117 1027 2188 romanis
1046 2170 1065 2204 ‚
1104 2129 1188 2185 ut
1223 2138 1517 2185 omnem
1565 2111 2073 2212 negligentiam
2114 2114 2334 2204 divini
2365 2116 2602 2188 cultus

464 2257 499 2293 α
534 2242 940 2325 exemptam
962 2223 1383 2296 hominibus
1406 2237 1680 2322 putem.
1702 2225 2095 2297 Intuemini
2117 2226 2308 2296 enim
2335 2223 2602 2298 horum

462 2368 498 2405 α
532 2338 876 2434 deinceps
913 2338 1311 2406 annorum⁴
1342 2334 1456 2405 vel
1492 2333 1842 2406 secundas
1876 2360 2029 2425 res,
2066 2333 2178 2407 vel
2218 2333 2548 2406 adversas
2577 2363 2594 2405 ε

461 2477 497 2514 ε(
530 2448 908 2519 invenietis
932 2447 1174 2517 omnia
1198 2469 1544 2543 prospere
1566 2446 1886 2518 evenisse
1903 2443 2379 2543 sequentibus
2395 2444 2596 2534 deos,

457 2585 494 2623 α
525 2557 823 2629 adversa
853 2554 1366 2654 spernentibus
1404 2582 1420 2624 t
1454 2555 1605 2650 jam
1637 2558 1967 2627 omnium
2005 2556 2324 2653 primum
2355 2557 2594 2627 veiens

457 2698 493 2734 α
526 2667 802 2740 bellum
822 2668 996 2771 (per
1016 2681 1198 2765 quot
1215 2691 1474 2754 annm,
1504 2679 1781 2763 quanto
1798 2664 2046 2737 labore
2065 2679 2349 2763 gestum
2366 2663 2420 2761 Ι)
2439 2689 2592 2735 non

455 2807 491 2843 «
526 2792 692 2850 ante
724 2780 916 2877 cepit
938 2776 1194 2869 finem,
1226 2802 1444 2875 quam
1469 2777 1757 2847 monitu
1774 2774 2080 2846 deorum
2109 2799 2296 2872 aqua
2318 2800 2407 2846 ex
2433 2773 2592 2845 lacu

455 2918 489 2954 α
525 2888 789 2961 albano
824 2890 1079 2962 emissa
1110 2903 1217 2961 est
1236 2883 1287 2958 ⁵.
1339 2885 1537 2978 Quid
1572 2885 1728 2957 haec
1763 2883 2055 2956 tandem
2088 2883 2294 2958 urbis
2330 2896 2590 2954 nostrae

453 3026 488 3062 c<
522 2999 759 3070 clades
797 3023 985 3070 nova
1018 3022 1198 3069 num
1237 3011 1405 3069 ante
1444 3009 1694 3068 exorta
1723 3008 1866 3083 est,
1905 3018 2124 3091 quam
2168 3008 2407 3092 spreta
2445 3016 2590 3062 vox

448 3185 543 3235 pro
559 3202 573 3227 ,
598 3186 662 3217 ne
686 3170 1039 3234 tum-quidem,
1069 3170 1148 3217 vel
1171 3168 1389 3226 etiamsi,
1418 3179 1474 3216 ut
1556 3165 1807 3229 iungunt-3
1827 3182 1876 3213 v.
1895 3165 2088 3214 Ernesti
2110 3165 2235 3214 clav.
2257 3166 2362 3214 Cic.
2381 3175 2431 3213 et
2453 3165 2584 3229 inpr.

447 3250 576 3317 VII,
608 3263 670 3295 10
697 3265 774 3314 pr.
794 3260 844 3297 et
870 3250 962 3308 323
984 3249 1293 3307 XXXVIII,
1314 3248 1398 3307 57,
1423 3258 1472 3295 et
1561 3244 1796 3294 Schelleri
1837 3246 1953 3292 Lex.
1992 3245 2096 3292 Lat.
2143 3244 2314 3292 Minus
2352 3243 2585 3292 satisfacit

449 3328 511 3377 al.
533 3328 612 3377 Cf.
637 3326 701 3374 ad
724 3328 816 3385 IV,
848 3328 896 3386 3,
920 3343 972 3373 ιι.
999 3327 1058 3386 53
1086 3326 1346 3383 XXXVI,
1374 3340 1470 3387 29,
1561 3322 2014 3390 Drakenborchzsd
2034 3324 2100 3383 V,
2119 3323 2212 3382 543
2239 3324 2394 3381 VIII,
2418 3339 2509 3383 ρος
2535 3333 2585 3372 et

446 3423 500 3456 n.
534 3422 587 3466 ις
612 3406 868 3453 XXXVII
877 3440 892 3464 ,
913 3404 1003 3463 52,
1029 3421 1082 3453 n.
1104 3405 1162 3463 33
1181 3415 1230 3452 et
1252 3405 1391 3454 Cort.
1406 3405 1470 3452 sd
1558 3403 1783 3461 XXXV,
1810 3401 2073 3449 5.-Οαηι
2088 3403 2205 3450 urbe
2219 3401 2368 3450 simul
2374 3402 2578 3466 positae,

447 3486 642 3536 Sallust.
660 3487 774 3548 Jug.
797 3499 904 3549 esp.
929 3484 996 3531 85
1007 3519 1021 3542 ,
1046 3482 1078 3548 s
1100 3486 1182 3539 48.
1202 3510 1273 3520 -
1296 3484 1469 3533 Nostri
1558 3480 1799 3539 conditui,
1818 3482 2122 3538 constitute,
2145 3479 2408 3540 institutae',
2429 3480 2583 3529 tradi·

447 3565 595 3614 codd.
619 3582 713 3631 pro
742 3564 787 3612 si
805 3579 881 3610 me
905 3563 1023 3611 dant
1039 3562 1263 3610 simulet.
1291 3564 1382 3610 En.
1397 3589 1469 3599 -—
1557 3572 1819 3625 taqueper
1834 3576 2007 3608 manus
2026 3559 2279 3624 religiones
2294 3578 2313 3608 .·
2324 3560 2440 3609 vide
2452 3560 2514 3609 sd
2530 3563 2579 3616 Ι,

450 3645 648 3710 Utique,
678 3643 792 3691 vide
813 3642 877 3690 sd
898 3643 974 3700 11,
1004 3642 1098 3702 3ο,
1127 3659 1177 3690 ιι.
1209 3635 1257 3689 '1.
1559 3638 1619 3699 3,
1648 3654 1698 3685 n.
1731 3653 1781 3698 7.

515 3741 562 3771 2.
586 3724 738 3786 Quid,
768 3741 860 3774 cur
888 3717 979 3784 (ut
1014 3722 1063 3774 τί
1098 3742 1193 3791 pro
1227 3716 1317 3772 διὰ
1348 3716 1462 3784 τί),
1627 3723 1681 3772 4·
1705 3715 1970 3764 Intuemini
1986 3714 2160 3764 horum
2179 3716 2405 3781 dethceps
2423 3732 2578 3765 amto-

443 3802 570 3850 enim
596 3802 898 3867 repetiimus,
929 3803 1118 3850 scilicet
1148 3802 1385 3867 patriam?
1409 3812 1465 3849 ut
1552 3810 1660 3842 rum
1682 3794 1752 3858 (V·
1774 3795 1839 3842 &d
1862 3796 1912 3855 1,
1939 3810 2026 3854 21,
2051 3811 2104 3842 ¹²·
2128 3794 2210 3861 8),
2238 3798 2326 3844 '²²01
2341 3795 2577 3845 suffindas

449 3883 656 3940 χχχῙ,
685 3881 751 3943 39
778 3882 1119 3945 pr,-xxm‚
1139 3882 1224 3940 53,
1247 3898 1300 3929 n.
1321 3897 1379 3939 2,
1399 3879 1461 3927 ιι,
1552 3889 1656 3931 res,
1683 3884 1775 3921 ete.
1801 3873 2094 3933 consen-VI,
2116 3882 2212 3934 413
2251 3886 2301 3923 et
2327 3879 2452 3924 Hor.
2480 3874 2572 3922 Od.

515 3959 562 4006 3.
575 3959 813 4021 Equidem
825 3959 1076 4023 profecto,
1093 3960 1174 4006 vel
1186 3959 1349 4025 simpl.
1363 3959 1466 4022 qui-
1552 3962 1654 4020 111,
1676 3960 1733 4020 6,
1764 3961 1796 4008 5
1819 3976 1892 4025 sq.
1918 3960 2006 4009 uhi
2029 3960 2146 4008 vide
2168 3959 2445 4010 Mitscherl.

442 4037 578 4094 dem,
601 4036 735 4098 quod
759 4037 940 4099 passim
968 4037 1069 4085 fere
1095 4036 1336 4097 abundat3
1361 4054 1462 4086 non
1624 4039 1670 4087 5.
1700 4041 1852 4103 Aqua
1868 4054 1933 4086 ex
1956 4040 2066 4087 lacu
2087 4040 2270 4088 albano
2295 4041 2497 4097 emissa,
2520 4056 2569 4088 v.

445 4132 533 4182 ego
556 4113 749 4179 quidem
765 4130 784 4160 .-
802 4129 918 4159 nam
940 4114 991 4161 h.
1008 4116 1044 4161 l.
1064 4117 1220 4164 tertia
1239 4130 1463 4181 persone
1553 4132 1658 4182 cap.
1685 4117 1746 4164 15
1773 4119 2107 4181 sq.--Spreta
2123 4133 2236 4166 vox
2253 4120 2376 4168 eoelo
2397 4119 2568 4167 emissa
