3000 4717
528 307 663 379 282
879 367 891 384 ,
1359 311 1437 379 Τ.
1499 310 1780 379 L1v11
2211 287 2263 387 t.
2287 285 2335 386 ἓῑ
2363 285 2592 401 Ξξίῐζζὲῑ

523 430 765 530 pedita
798 444 906 501 est
928 484 947 517 ‚
986 431 1112 502 sed
1149 454 1405 529 magna
1436 456 1599 529 pars
1627 430 1860 529 plebis
1880 431 2207 516 incitata,
2246 444 2329 500 ut
2367 430 2647 528 praeda-

527 558 681 613 tum
733 543 807 610 in
854 566 1104 638 agrum
1147 566 1526 613 romanum
1570 544 1885 629 exirent3
1949 539 2100 611 haec
2151 565 2340 611 nova
2382 542 2650 635 injuria

521 651 931 725 exturbavit
980 677 1271 724 omnem
1317 677 1520 750 spem
1564 654 1757 753 pacis
1771 656 1823 722 4.
1884 654 1992 723 De
2039 652 2645 722 Praenestinorum

525 786 822 859 quoque
859 761 1262 834 defectione
1298 787 1385 833 eo
1415 788 1609 834 anno
1637 765 1950 860 primum
1984 760 2168 832 fama
2197 775 2444 833 exorta
2481 787 2495 829 :
2536 785 2647 832 ar—

523 871 1056 968 guentibusque
1088 896 1213 943 eos
1246 872 1669 943 Tusculanis
1699 887 1771 942 et
1800 871 2099 944 Gabinis
2132 885 2203 942 et
2236 872 2640 956 Lavieani5‚

523 1001 837 1074 quorum
859 982 933 1050 in
957 979 1137 1052 fines
1156 983 1601 1052 incursatum
1627 996 1813 1068 erat,
1844 982 1939 1051 ita
1964 979 2241 1078 placide
2269 979 2360 1050 ab
2388 994 2645 1050 senatu

522 1110 951 1184 responsum
992 1103 1134 1176 est,
1191 1105 1271 1161 ut
1315 1092 1556 1161 minus
1607 1090 1803 1163 credi
1840 1090 1932 1161 de
1976 1089 2427 1178 criminibus,
2474 1091 2644 1186 quia

525 1198 806 1270 nollent
842 1225 923 1272 ea
959 1225 1128 1272 vera
1159 1226 1349 1289 esse,
1391 1215 1791 1299 appareret.

620 1314 844 1379 XXII.
879 1314 1300 1409 Insequenti
1337 1337 1564 1400 ann0,
1598 1317 1717 1410 Sp.
1755 1326 1829 1383 et
1862 1316 1939 1382 L.
1971 1311 2267 1408 Papirii,
2308 1313 2476 1381 novi
2512 1312 2644 1380 tri-

525 1414 705 1486 buni
755 1419 1067 1492 militum
1115 1422 1475 1492 consulari
1528 1434 1920 1519 potestate,
1967 1420 2274 1492 Velitras
2327 1420 2646 1517 legiones

525 1523 830 1615 duxere,
867 1545 1183 1626 quatuor
1209 1532 1501 1629 collegis
1524 1586 1543 1620 ,
1582 1537 1731 1604 Ser.
1778 1531 2117 1604 Cornelio
2149 1531 2644 1628 Maluginense

526 1649 902 1728 quartum,
940 1643 1029 1729 Q.
1062 1641 1400 1728 Servilio,
1437 1646 1588 1713 Ser.
1623 1642 1977 1739 SulpiciO,
2014 1645 2092 1711 L.
2123 1641 2401 1712 AEmilio
2434 1665 2646 1739 quar-

527 1757 683 1814 tum
715 1745 1027 1818 tribunis
1057 1747 1148 1819 ad
1184 1750 1594 1848 praesidium
1619 1750 1872 1841 Urbis,
1899 1766 1972 1823 et
1998 1752 2055 1822 si
2089 1753 2218 1847 qui
2249 1777 2337 1822 ex
2362 1753 2646 1823 Etruria

524 1857 698 1926 novi
731 1870 976 1931 motus
1020 1864 1533 1932 nuntiarentur
1578 1864 1863 1959 (omnia
1892 1863 2084 1934 enim
2118 1860 2289 1933 inde
2318 1877 2646 1959 suspecta

523 1970 765 2066 erant)
790 1972 1075 2044 relictis.
1109 1974 1216 2045 Ad
1232 1975 1539 2046 Velitras
1565 1975 1903 2046 adversus
1926 1975 2201 2068 majora
2223 1998 2430 2071 paene
2455 1975 2646 2044 auxi-

524 2078 617 2150 lia
657 2084 1291 2170 Praenestinorum,
1331 2109 1549 2181 quam
1591 2085 1816 2181 ipsam
1848 2084 2273 2155 colonorum
2313 2082 2646 2152 multitu-

525 2187 805 2280 dinem,
848 2193 1169 2264 secundo
1199 2194 1444 2290 praelio
1483 2207 1886 2291 pugnatum
1918 2209 2055 2282 est3
2102 2195 2198 2265 ita
2239 2207 2317 2263 ut
2351 2194 2650 2290 propin·

521 2301 755 2395 quitas
789 2300 988 2371 urbis
1018 2303 1211 2374 hosti
1248 2319 1320 2374 et
1357 2325 1568 2376 causa
1605 2305 2012 2376 maturioris
2040 2303 2252 2401 fugae,
2299 2317 2374 2372 et
2409 2326 2647 2373 unum
2732 2359 2757 2378 .

520 2432 609 2478 ex
666 2407 831 2505 fuga
893 2413 1426 2510 receptaculum
1485 2427 1691 2486 esset.
1763 2413 2034 2513 Oppidi
2095 2414 2646 2512 oppugnatione

522 2515 798 2588 tribuni
829 2519 1240 2595 abstinuere
1265 2579 1284 2609 ,
1340 2526 1512 2621 quia
1548 2540 1620 2597 et
1653 2550 1921 2623 anceps
1955 2540 2108 2596 erat
2129 2579 2149 2612 ,
2192 2548 2329 2595 nec
2366 2525 2441 2595 in
2478 2547 2642 2620 per-

521 2628 782 2698 niciem
802 2630 1101 2702 coloniae
1124 2634 1596 2731 pugnandum
1626 2633 2039 2706 censebant.
2063 2634 2319 2704 Literae
2340 2638 2644 2704 Romam

522 2735 608 2807 ad
646 2754 977 2810 senatum
1015 2767 1182 2813 cum
1215 2745 1527 2814 victoriae
1560 2745 1869 2828 nuntiis,
1910 2746 2217 2816 acriores
2255 2745 2331 2814 in
2360 2748 2645 2814 Praene-

520 2839 847 2936 stinum,
872 2862 1091 2948 quam·
1128 2854 1203 2923 in
1231 2854 1684 2925 Veliternum
1725 2854 2045 2942 hostem,
2082 2854 2334 2923 missae.
2389 2857 2644 2946 Itaque

518 2981 606 3026 ex
636 2962 1260 3033 senatusconsulto
1296 2964 1696 3061 populique
1728 2964 1936 3059 jussu
1964 2962 2242 3034 bellum
2268 2961 2645 3032 Praenesti-

520 3069 630 3135 nis
658 3069 1047 3159 indictum3
1085 3075 1244 3172 qui,
1276 3075 1435 3169 conj
1447 3076 1644 3145 uncti
1657 3074 1966 3163 VolsciS,
1994 3099 2187 3144 anno
2216 3075 2645 3170 insequente

520 3179 909 3269 Satricum,
947 3182 1304 3253 coloniam
1338 3184 1592 3280 populi
1629 3185 1912 3255 romani
1946 3185 2407 3281 pertinaciter
2443 3207 2484 3252 a
2519 3205 2645 3252 co-

521 3286 705 3357 lonis
744 3289 1106 3361 defensam
1133 3346 1151 3378 ‚
1195 3293 1266 3360 vi
1318 3307 1863 3389 expugnarunt,
1918 3291 2257 3389 foedeque
2302 3294 2380 3362 in
2421 3291 2644 3387 captis

521 3422 905 3470 exercuere
941 3395 1394 3470 victoriam&
1418 3406 1593 3472 Eam
1639 3427 1790 3473 rem
1831 3427 2015 3501 aegre
2063 3402 2253 3498 passi
2293 3398 2641 3487 Romani,

589 3593 636 3641 4.
660 3587 780 3633 Hoec
794 3602 921 3633 nova
943 3586 1125 3651 bisul-ia
1146 3588 1421 3636 exturbavit
1438 3605 1536 3636 om·
1625 3606 1740 3639 vero
1764 3590 1820 3642 τὸ
1846 3590 1896 3637 in
1920 3591 2101 3654 passim
2135 3590 2353 3648 dieitur,
2368 3588 2482 3636 vide
2505 3589 2643 3637 Cori.

515 3680 624 3710 nem
635 3680 767 3728 spem
772 3666 914 3728 pacis
923 3700 939 3722 ,
963 3667 1204 3726 turbavit,
1222 3668 1427 3726 ademit,
1445 3669 1537 3716 eri·
1620 3668 1683 3715 ad
1711 3668 1824 3717 Sall.
1850 3669 1957 3717 Cat.
1980 3670 2100 3727 LII,
2130 3668 2158 3715 3
2189 3680 2240 3716 et
2269 3683 2359 3730 ως
2388 3669 2552 3715 Burm.
2579 3666 2645 3714 ad

517 3744 641 3806 puit.
1620 3747 1766 3796 Ovid.
1790 3749 1915 3795 Met.
1938 3749 2042 3805 IX,
2069 3753 2189 3807 274.
2219 3748 2301 3795 Sic
2330 3764 2432 3810 qua
2443 3744 2646 3811 ferocia

587 3822 707 3869 Cu.
733 3825 904 3871 XXII.
931 3840 974 3873 1.
997 3825 1164 3882 Foede,
1191 3826 1399 3889 turpiter
1423 3842 1534 3873 cru-
1621 3825 1777 3872 animi
1816 3842 1926 3873 usus
1966 3836 2076 3872 erat
2108 3824 2157 3871 in
2199 3825 2481 3890 Liguribus,
2514 3822 2563 3870 h.
2596 3839 2642 3871 e.

514 3896 804 3962 deliterque,
834 3902 883 3949 in
914 3903 1093 3967 captis,
1130 3904 1184 3950 in
1215 3915 1411 3968 captos,
1447 3903 1533 3951 ad·
1621 3918 1761 3967 erga,
1791 3920 1878 3953 seu
1903 3903 2135 3952 adversus
2158 3904 2358 3967 Ligures
2382 3905 2551 3961 XLII,
2582 3918 2645 3965 9,
2694 3953 2701 3960 ‚

513 3989 679 4022 versus
690 3990 884 4040 captos,
903 3980 952 4027 h.
967 3997 1009 4029 e.
1024 3982 1263 4045 captivos,
1276 3997 1535 4029 exercuere
1620 3998 1671 4030 n.
1706 3997 1750 4030 1.
1779 3982 1961 4030 Confer
1985 3982 2049 4029 ad
2070 3985 2121 4031 11
2136 4017 2149 4041 ,
2181 3986 2270 4043 14,
2298 3999 2350 4031 ιι.
2380 3996 2440 4044 25
2463 3983 2528 4043 V,
2560 3997 2582 4028 1
2598 3997 2645 4040 1,

512 4051 790 4103 ‘viceor-iam.
817 4056 961 4105 Conf-
987 4061 1087 4116 IX,
1108 4061 1173 4116 43
1196 4076 1273 4124 pr.
1301 4061 1534 4110 Similiter
1621 4078 1672 4111 n.
1696 4078 1754 4124 93
1783 4063 2012 4110 XXVIII
2028 4096 2043 4121 ‚
2072 4070 2098 4119 4
2115 4096 2130 4122 ,
2164 4079 2214 4111 ιι.
2246 4071 2308 4122 4;
2335 4064 2517 4121 XXX,
2549 4076 2642 4121 ια,
