3000 4717
2357 370 2405 408 A.
2432 367 2482 408 C.
2507 371 2599 412 365.

538 387 679 464 316
1382 393 1461 463 Τ
1529 391 1805 464 LIVII
2359 426 2598 484 U‚c‚3g7‚

538 543 574 579 ιι
610 528 921 611 partam,
963 513 1170 586 vobis
1204 513 1455 589 eadem
1490 517 1560 584 vi
1588 512 1814 585 facitis
1843 510 2145 598 irritam,
2186 530 2329 605 qua
2369 515 2656 607 peperi-

537 653 571 689 α
604 626 764 713 stis3
811 650 966 697 non
1001 625 1414 722 reipublicae
1462 625 1685 719 magis
1733 622 2112 707 universae,
2163 643 2380 714 quam
2418 633 2654 690 vestra

535 764 570 799 α
602 759 813 807 causa
837 792 856 825 ,
915 735 1224 808 dictator
1274 735 1791 807 intercessioni
1820 732 2037 803 adero
2058 733 2089 781 4
2106 785 2125 818 ,
2175 753 2654 826 eversumque
2720 737 2725 748 ’

535 875 572 911 α
606 860 926 917 vestrum
964 847 1309 917 auxilium
1340 846 1646 943 imperio
1680 835 1992 915 tutabor.
2025 843 2312 937 Itaque,
2347 841 2408 910 si
2439 846 2514 912 C.
2545 842 2655 910 Li-

531 985 569 1022 «
604 957 835 1028 cinius
858 972 929 1028 et
947 962 1021 1028 L.
1053 960 1332 1028 Sextius
1354 955 1850 1027 intercessioni
1875 953 2313 1048 collegarum
2346 949 2651 1040 cedunt,

533 1097 578 1150 κ,
606 1066 787 1138 nihil
814 1068 1195 1166 patricium
1215 1068 1707 1164 magistratum
1731 1066 2042 1134 inseram
2064 1061 2371 1150 concilio
2394 1059 2650 1158 plebis.

535 1208 569 1243 «
610 1179 683 1247 Si
716 1177 1054 1251 adversus
1080 1179 1672 1250 intercessionem
1689 1231 1709 1265 ,
1741 1191 2108 1272 tamquam
2136 1188 2356 1271 captae
2389 1175 2655 1245 civitati

532 1317 567 1352 α
606 1287 798 1385 leges
840 1290 1218 1387 imponere
1253 1287 1596 1377 tendent,
1647 1288 1792 1357 vim
1831 1286 2274 1360 tribunitiam
2315 1309 2356 1356 a
2389 1309 2463 1356 se
2501 1286 2655 1381 ipsa

532 1428 567 1463 ι(
607 1397 897 1470 dissolvi
913 1419 1064 1471 non
1085 1401 1387 1499 patiar.»
1414 1399 1772 1469 Adversus
1788 1421 1868 1468 ea
1888 1420 2117 1493 quum
2130 1391 2159 1437 5
2178 1395 2652 1492 contemptim

535 1509 815 1582 tribuni
860 1511 1092 1609 plebis
1137 1536 1292 1582 rem
1346 1509 1577 1581 nihilo
1632 1509 1917 1605 segnius
1962 1520 2390 1604 peragerent
2416 1560 2435 1593 ,
2493 1519 2652 1576 tum

535 1621 853 1718 percitus
900 1622 1006 1691 ira
1044 1620 1384 1692 Camillus
1421 1621 1747 1701 lictore5‚
1781 1618 1910 1714 qui
1947 1616 2036 1688 de
2079 1617 2318 1687 medio
2365 1614 2653 1712 plebem

532 1744 990 1817 emoverent,
1018 1731 1210 1801 misit
1244 1757 1258 1799 τ
1293 1744 1366 1801 et
1399 1728 1671 1802 addidit
1711 1729 1979 1815 minaS,
2009 1727 2067 1797 si
2093 1738 2475 1822 pergerent
2496 1779 2515 1811 ,
2543 1748 2652 1794 sa-

531 1855 898 1912 cramento
942 1865 1194 1912 omnes
1233 1841 1561 1935 juniores
1602 1837 2061 1926 adacturum,
2109 1837 2652 1931 exercitumque

530 1951 894 2049 extemplo
941 1976 1030 2024 ex
1081 1949 1281 2022 Urbe
1334 1950 1789 2022 educturum.
1849 1951 2230 2018 Terrorem
2283 1946 2649 2043 ingentem

531 2062 927 2134 incusserat
954 2061 1183 2160 plebi3
1214 2059 1521 2132 ducibus
1548 2059 1778 2157 plebis
1806 2055 2133 2128 accendit
2167 2055 2390 2151 magis
2414 2067 2652 2125 certa-

530 2172 728 2243 mine
757 2173 1035 2244 animos
1057 2226 1076 2259 ,
1104 2196 1321 2268 quam
1352 2171 1654 2242 minuit:
1686 2168 1809 2239 sed
1831 2224 1851 2258 ,
1885 2192 1964 2238 re
1999 2180 2264 2238 neutro
2291 2163 2650 2254 inclinata,

527 2282 947 2376 magistratu
988 2306 1063 2352 se
1100 2279 1494 2369 abdicavit3
1530 2303 1658 2350 seu
1697 2279 1867 2374 quia
1893 2278 2067 2347 vitio
2104 2289 2387 2348 creatus
2428 2288 2580 2347 erat
2592 2271 2649 2360 ⁶,

525 2402 611 2456 ut
652 2391 996 2486 scripsere
1025 2389 1356 2486 quidam3
1400 2413 1529 2460 seu
1558 2388 1727 2485 quia
1755 2384 2035 2458 tribuni
2067 2386 2298 2484 plebis
2328 2386 2652 2457 tulerunt

528 2495 618 2564 ad
660 2496 949 2592 plebem
971 2553 989 2586 ,
1033 2498 1254 2595 idque
1287 2499 1494 2597 plebs
1541 2499 1782 2586 scivit,
1814 2513 1934 2585 ut,
1977 2500 2036 2567 si
2075 2502 2173 2567 M.
2221 2498 2478 2567 Furius
2516 2520 2649 2593 pro

527 2604 878 2678 dictatore
915 2609 1092 2705 quid
1122 2610 1411 2707 egisset,
1448 2611 1931 2708 quingentum
1956 2607 2262 2678 millium
2294 2608 2358 2678 ei
2387 2607 2654 2678 mulcta

529 2732 734 2788 esset.
779 2718 919 2789 Sed
952 2720 1282 2818 auspiciis
1318 2721 1542 2817 magis
1565 2774 1585 2809 ,
1627 2744 1843 2816 quam
1886 2718 2058 2788 novi
2092 2716 2402 2814 exempli
2438 2740 2650 2812 roga-

529 2826 730 2898 tione
751 2882 770 2916 ,
807 2828 1232 2901 deterritum
1263 2844 1347 2901 ut
1376 2831 1619 2927 potius
1643 2828 1968 2912 credam,
1999 2852 2229 2924 quum
2260 2826 2484 2924 ipsius
2517 2828 2652 2896 viri

529 2932 696 3007 facit
730 2937 1137 3035 ingenium,
1180 2954 1339 3010 tum
1379 2938 1582 3036 quod
1623 2941 1690 3010 ei
1734 2936 2076 3010 suffectus
2126 2952 2232 3008 est
2279 2937 2649 3033 extemplo

527 3048 601 3115 P.
636 3048 945 3120 Manlius
983 3050 1291 3120 dictator
1324 3076 1339 3118 ε
1380 3074 1600 3145 quem
1638 3048 1816 3145 quid
1857 3049 2081 3118 creari
2117 3046 2506 3118 attinebat⁷
2556 3044 2649 3117 ad

524 3152 600 3221 id
624 3168 1026 3245 certamen,
1057 3183 1205 3255 quo
1228 3163 1324 3228 M.
1356 3159 1610 3229 Furius
1637 3158 1865 3227 victus
1882 3157 2114 3228 esset?
2143 3171 2214 3230 et
2241 3157 2440 3253 quod
2458 3182 2650 3227 eum-

598 3357 646 3405 4
664 3350 1229 3401 Dictator-intercessioni
1241 3354 1420 3411 adero,
1441 3355 1547 3414 ejus
1634 3353 2002 3411 auctoritatem,
2038 3353 2127 3401 lib.
2149 3354 2405 3412 XXXIII,
2431 3369 2538 3417 cap.
2564 3359 2647 3412 47.

517 3428 601 3489 ius
620 3431 812 3490 tuebor,
831 3432 884 3478 in
908 3448 1006 3495 quo
1028 3431 1145 3479 alias
1171 3443 1381 3480 vestrum
1408 3432 1548 3480 auxi·

521 3506 644 3556 llum
670 3510 887 3574 positum
913 3521 1013 3569 est,
1037 3511 1171 3573 quod
1196 3511 1546 3560 intercessione

525 3588 713 3636 sublata
736 3588 881 3636 simul
901 3590 1158 3650 evertitur,
1189 3590 1371 3638 Stroth.
1398 3592 1542 3639 Conf.

528 3667 590 3715 ad
614 3670 715 3726 111,
751 3675 838 3727 14,
872 3684 923 3716 n.
953 3670 1005 3716 6.
1030 3696 1102 3705 -
1132 3668 1276 3717 Nihil
1305 3668 1453 3735 (vide
1481 3669 1546 3717 ad

523 3748 626 3808 111,
643 3764 743 3808 20,
769 3765 821 3798 n.
844 3745 906 3813 3)
915 3746 1182 3812 patricium
1206 3748 1545 3814 magistratum

525 3824 763 3884 inseram,
797 3827 1081 3876 immiscebo
1116 3827 1321 3875 concilio
1352 3827 1539 3891 plebis,

521 3916 626 3951 non
652 3921 757 3953 mea
779 3906 1066 3954 auctoritate
1085 3918 1245 3954 vestra
1267 3906 1471 3953 consilia
1496 3915 1547 3953 et

529 3982 756 4046 suffragia
782 3985 991 4032 turbabo
1010 3996 1059 4032 et
1076 3984 1362 4050 impediam,
1387 3985 1467 4032 vel
1491 3984 1549 4031 il-

526 4058 624 4104 lam
649 4058 728 4109 his
753 4061 1057 4124 interponam
1077 4061 1223 4126 (vide
1237 4062 1303 4111 ad
1322 4065 1398 4110 111
1411 4096 1426 4121 ‚
1451 4064 1517 4119 46
1529 4096 1545 4122 ,

523 4150 576 4185 n.
598 4135 650 4200 α)
661 4169 676 4194 ,
699 4147 757 4185 nt
757 4136 1059 4202 factionibus
1079 4141 1283 4189 inserere
1293 4140 1545 4207 publicam

1706 3432 1753 3480 5.
1786 3433 2027 3480 Adversus
2053 3447 2113 3479 ea
2143 3447 2290 3496 quum
2310 3431 2647 3494 contemptim,

1634 3521 1727 3559 etc.
1754 3511 1898 3560 Conf.
1918 3511 1983 3559 ad
2004 3513 2079 3570 ΙΙ,
2105 3511 2195 3570 56,
2214 3525 2265 3560 n.
2284 3527 2304 3557 1
2317 3513 2363 3560 3.
2378 3513 2520 3558 Unus
2538 3526 2653 3557 con·

1633 3590 1780 3648 tenti}
1801 3602 1900 3640 tres
1916 3590 2178 3655 contempti
2186 3606 2206 3637 .·
2218 3591 2360 3638 nale.
2380 3618 2451 3628 —
2468 3592 2541 3637 De
2557 3604 2651 3636 mo-

1633 3669 1715 3716 dio
1737 3671 1930 3733 plebem
1961 3682 2252 3729 moverent,
2283 3682 2339 3719 ut
2367 3671 2428 3718 al.
2459 3670 2650 3717 submo-

1634 3763 1752 3796 vere.

1705 3829 1752 3874 6.
1772 3829 1865 3875 Seu
1881 3829 2001 3892 quia
2016 3828 2139 3876 vitio
2159 3839 2348 3876 creaucs
2361 3828 2497 3884 'er-at,
2518 3825 2650 3873 unde

1631 3921 1753 3953 mox
1772 3906 2001 3971 auspiciis
2023 3906 2179 3971 magis
2202 3905 2512 3962 deterritum;
2537 3904 2653 3951 vide

1633 3985 1697 4032 ad
1720 3986 1786 4043 V,
1822 4000 1901 4046 ι’),
1926 4001 1978 4032 ιι.
2008 3992 2153 4053 4.-
2178 3988 2277 4032 Pro
2303 3985 2571 4041 dictator-0,
2600 4000 2650 4030 v.

1633 4063 1696 4111 ad
1724 4066 1802 4121 11,
1834 4080 1881 4125 7,
1908 4080 1958 4111 n.
1989 4071 2037 4119 4.
2188 4097 2191 4102 -

1706 4158 1752 4203 7.
1772 4143 1924 4204 Quem
1944 4142 2237 4207 quidemr-i
2251 4142 2516 4200 attinebat,
2537 4141 2652 4189 vide
2678 4191 2683 4194 Α
