3000 4717
462 330 510 371 A·
535 327 586 370 G.
611 327 705 380 387.

464 389 703 432 u.c.³⁶⁵.
923 347 1239 416 LIBER
1286 347 1373 416 V.
1429 347 1647 415 CAP.
1696 347 2045 415 XLVIII.
2395 368 2531 441 217

411 470 770 541 stationes.
800 465 939 538 Sed
960 466 1108 563 jam
1139 489 1379 562 neque
1403 463 1870 550 dissimulari,
1890 489 2130 562 neque
2153 464 2326 537 ferri
2349 466 2543 538 ultra

407 578 644 651 fames·
668 592 974 675 poterat.
1014 583 1269 675 Itaque
1286 630 1306 664 ‚
1343 575 1521 649 dum
1553 575 1863 648 dictator
1898 575 2258 648 delectum
2289 600 2420 674 per
2456 601 2536 649 se

411 689 661 761 Ardeae
696 681 954 783 habet2
986 689 1424 785 magistrum·
1448 689 1782 784 equitum
1811 687 2261 758 L.Valerium
2293 689 2540 760 aVeiis

416 797 777 874 abducere
814 800 1211 871 exercitum
1241 796 1483 893 jubet,
1521 811 1725 896 parat
1754 798 2193 893 instruitque
2210 850 2230 884 ‚
2273 796 2541 893 quibus

411 908 610 980 haud
639 910 871 1009 impar
899 908 1271 1004 adoriatur,
1292 908 1581 982 hostes:
1617 909 1904 979 interim
1930 906 2381 1006 Capitolinus
2414 932 2542 976 ex-

408 1021 705 1108 ercitu3‚
733 1017 1162 1092 stationibus
1188 1019 1594 1116 vigiliisque
1621 1016 1881 1107 fessu5‚
1914 1018 2266 1115 superatis
2297 1030 2540 1086 tamen

405 1127 743 1202 humanis
782 1128 1121 1202 omnibus
1156 1129 1362 1201 malis
1375 1152 1408 1217 ‚·
1445 1152 1677 1225 quum
1716 1127 1982 1200 famem
2019 1151 2243 1198 unam
2286 1140 2543 1197 natura

405 1239 595 1308 vinci
629 1264 779 1309 non
809 1240 1113 1327 sineret,
1165 1238 1358 1310 diem
1395 1237 1489 1309 de
1534 1237 1651 1309 die
1688 1251 2198 1336 prospectam,
2248 1234 2537 1332 ecquod

406 1348 751 1420 auxilium
778 1347 868 1422 ab
882 1347 1233 1422 dictatore
1252 1362 1666 1447 appareret3
1692 1363 2062 1445 postremo
2083 1371 2208 1443 spe
2236 1370 2536 1443 quoque

402 1458 587 1552 jam,
625 1483 777 1531 non
806 1460 1041 1532 solum
1071 1458 1273 1547 cibo,
1307 1456 1729 1546 deficiente,
1777 1472 1849 1530 et
1871 1512 1890 1543 ‚
1936 1481 2166 1554 quum
2191 1458 2536 1527 stationes

407 1567 887 1663 procederent
907 1564 974 1657 ⁵,
1029 1593 1259 1667 prope
1315 1566 1798 1639 obruentibus
1853 1566 2223 1637 infirmum
2273 1591 2538 1664 corpus

405 1678 654 1765 armiS‚
697 1676 811 1747 vel
836 1675 1059 1764 dedi,
1102 1677 1218 1748 vel
1263 1676 1520 1749 redimi
1557 1701 1667 1765 se,
1708 1701 2167 1774 quacumque
2205 1676 2538 1774 pactione

404 1800 736 1881 possent,
773 1787 1021 1882 jussit3
1054 1786 1497 1884 jactantibus
1526 1812 1678 1859 non
1706 1787 2017 1860 obscure
2043 1787 2301 1876 Gallis,
2343 1785 2541 1858 haud

403 1919 663 1993 magna
707 1897 1042 1970 mercede
1086 1923 1162 1969 se
1212 1897 1473 1970 adduci
1511 1923 1720 1997 posse
1738 1953 1759 1987 ‚
1798 1914 1881 1969 ut
1921 1897 2378 1971 obsidionem
2418 1923 2540 1970 re·-

413 2006 768 2103 linquant.
809 2014 993 2080 Tum
1037 2024 1327 2082 senatus
1373 2009 1706 2099 habitus,
1732 2009 2189 2110 tribunisque
2228 2009 2540 2080 militum
2644 2035 2649 2044 ·

408 2120 785 2214 negotium
813 2118 1095 2208 datum,
1123 2134 1207 2192 ut
1236 2122 1795 2217 paciscerentur.
1830 2120 2009 2192 Inde
2028 2123 2229 2206 inter
2257 2124 2346 2210 Q.
2378 2118 2539 2190 Sul·-

416 2228 682 2324 picium
708 2228 1089 2304 tribunum
1121 2232 1434 2302 militum
1453 2286 1473 2320 ‚
1512 2247 1586 2304 et
1617 2236 1984 2304 Brennum
2016 2231 2352 2329 regulum
2384 2228 2543 2301 Gal-

411 2335 651 2408 lorum
672 2340 1040 2439 colloquio
1065 2327 1419 2416 transacta
1450 2369 1573 2418 res
1594 2358 1738 2432 est,
1767 2357 1839 2414 et
1863 2343 2060 2422 mille
2097 2343 2348 2442 pondo
2385 2341 2543 2412 auri

397 2513 667 2574 jactarent3
689 2527 845 2580 eoque
872 2519 1001 2567 facto
1023 2520 1180 2569 soluta
1203 2532 1277 2570 est
1296 2521 1428 2569 obsi-

1517 2524 1697 2589 pendia
1721 2534 1779 2573 et*
1787 2525 1946 2574 valere
1963 2525 2026 2573 ad
2042 2523 2287 2590 implenda
2304 2525 2433 2584 justa
2454 2523 2541 2571 sti-

403 2589 516 2651 dio,
536 2591 904 2657 desperantibus
924 2598 1101 2657 Gallis,
1124 2600 1295 2664 inopia
1312 2600 1429 2648 sub-

1516 2603 1725 2666 rendia,
1751 2620 1859 2668 quae
1878 2605 2101 2665 juniores
2123 2622 2186 2653 οι
2204 2603 2433 2652 instituto
2459 2602 2539 2651 ‹10-

403 2669 474 2734 igi
514 2686 660 2735 posse
697 2674 963 2722 Romanos.
989 2698 1013 2717 n
1059 2678 1150 2724 En.
1177 2705 1248 2714 —-
1271 2681 1433 2726 Parat

404 2747 692 2813 instruitque
705 2752 934 2799 omnibus
947 2753 1110 2812 rebus,
1123 2755 1251 2819 inpr.
1267 2756 1431 2814 armis,

405 2828 602 2894 copias,
633 2844 720 2877 seu
744 2829 954 2890 milites,
980 2832 1151 2896 quibus
1179 2833 1321 2882 haud
1342 2833 1429 2881 im-

392 2921 518 2969 par,
561 2918 656 2957 etc.
694 2936 765 2947 —
796 2910 924 2957 Mo'x
964 2912 1203 2975 superatis
1241 2923 1431 2959 cantum

402 2982 571 3049 (quod
599 2987 652 3035 in
673 2989 763 3036 MS
792 3004 889 3037 sec.
904 2991 1051 3039 Voss.
1080 2988 1290 3056 legitur)
1330 3008 1429 3039 non

403 3060 481 3126 (h.
496 3080 538 3110 e.
552 3067 942 3134 propemodum)
963 3069 1187 3118 humanis
1208 3070 1430 3120 omnibus

403 3140 543 3187 malis
554 3158 660 3190 non
676 3146 799 3194 male
818 3148 1009 3196 emend.
1025 3149 1271 3199 Drakenb.
1293 3152 1429 3198 Dura

404 3228 536 3265 certe
565 3233 638 3268 est
660 3221 765 3270 haec
793 3226 1055 3275 verborum
1086 3231 1426 3281 constructio:

403 3312 551 3360 quum
578 3312 783 3358 natura,
808 3307 1042 3367 superatis
1071 3307 1296 3357 humanis
1324 3328 1426 3358 om-

402 3374 542 3423 nibus
581 3378 750 3436 malis,
795 3393 955 3430 tamen
979 3383 1199 3449 famem,
1240 3400 1336 3438 etc.
1356 3417 1428 3426 —

400 3451 572 3503 Nostri
596 3456 742 3504 codd.
767 3459 1012 3523 vulgatam
1036 3479 1250 3516 servant.
1281 3470 1372 3515 En.

475 3533 522 3581 5.
554 3535 710 3596 Quum
729 3538 960 3586 stationes
969 3544 1317 3605 procederent,
1343 3563 1424 3594 us-

403 3629 498 3677 que
538 3624 588 3661 et
621 3631 775 3678 usque
809 3618 1233 3682 continuarentur,
1267 3624 1360 3672 etsi
1400 3641 1428 3672 a

400 3692 571 3755 paucis
600 3705 648 3741 et
673 3693 797 3742 fame
825 3695 989 3744 fessis:
1011 3708 1066 3745 ut
1089 3716 1222 3756 aera,
1244 3702 1322 3749 vel
1341 3703 1426 3750 sei-

393 3770 582 3833 pendia
598 3773 865 3836 procedere
892 3774 1121 3825 dicuntur
1147 3779 1212 3837 V,
1238 3796 1285 3840 7,
1310 3797 1361 3829 n.
1393 3782 1424 3830 5

400 3846 608 3912 (XXV,
636 3850 696 3911 53
733 3853 962 3912 XXVII,
1000 3854 1089 3920 11)
1120 3873 1214 3921 pro
1233 3893 1247 3916 ‚
1274 3857 1420 3919 addi,

397 3929 754 3990 connumerari,
767 3933 1041 3981 continuari
1055 3951 1166 3983 cum
1179 3936 1422 4003 aliis,quae

397 4005 624 4056 fecissent
644 4021 728 4057 aut
743 4010 917 4059 facturi
930 4025 1090 4062 essent
1102 4050 1116 4074 ‚
1136 4016 1421 4081 stipendiis,

398 4089 671 4154 computari
698 4089 760 4138 iis
784 4090 890 4140 haec
919 4095 1303 4145 extraordinaria
1334 4098 1421 4145 sti·
1443 4129 1448 4135 ·

1518 2681 1718 2739 herent,
1738 2682 1947 2747 perinde
1965 2701 2022 2731 ac
2047 2685 2089 2731 si
2110 2683 2302 2732 delectu
2325 2681 2545 2731 conscri-

1518 2759 1594 2821 pti
1619 2760 1785 2810 aestiva
1808 2761 1997 2825 integra
2020 2762 2071 2808 in
2100 2762 2269 2809 castris
2295 2761 2539 2824 egissent3

1519 2838 1676 2887 Gron.
1717 2838 1874 2901 Quum
1895 2839 2126 2887 stationes
2141 2840 2463 2902 procederent
2485 2839 2541 2886 in

1518 2915 1684 2964 locum
1712 2917 2031 2981 assignatum,
2064 2918 2144 2965 vel
2166 2918 2344 2966 milites
2371 2917 2539 2966 statio-

1519 2994 1646 3042 narii
1670 2993 1785 3060 (qui
1813 2998 1975 3065 omnia
1996 3012 2079 3043 sua
2104 3012 2234 3042 arma
2258 2993 2541 3060 gestabant,

1520 3086 1568 3122 et
1583 3074 1650 3122 ita
1664 3075 1978 3140 conspicuam
1993 3075 2259 3123 reddebant
2268 3087 2544 3140 ‘corporum

1517 3151 1882 3220 infirmitatem)
1931 3154 1993 3206 ad
2046 3155 2275 3203 excubias
2329 3154 2540 3219 agendas

1519 3232 1683 3299 (wetm
1716 3234 1797 3281 die
1821 3236 1889 3285 W
1885 3233 2007 3281 ache
2026 3232 2236 3300 aufzog)
2250 3271 2266 3293 ,
2289 3234 2539 3284 Drakenb-

1517 3323 1565 3360 et
1587 3314 1738 3361 Doer.
1768 3331 1917 3379 quum
1940 3313 2173 3362 stationes
2183 3315 2536 3379 procederent,

1516 3408 1667 3458 quum
1691 3393 2106 3457 progrederentur
2123 3393 2302 3442 milites
2322 3393 2449 3441 fame
2470 3394 2538 3441 af-

1513 3471 1631 3519 fecti
1643 3505 1658 3530 ,
1674 3472 1999 3536 procedentes
2014 3489 2125 3521 cum
2137 3474 2301 3531 aratis,
2311 3472 2397 3521 vix
2413 3473 2543 3521 inee-

1518 3549 1688 3598 dentes
1700 3587 1714 3611 ‚
1734 3552 1821 3599 vix
1837 3569 1967 3602 arma
1994 3564 2238 3602 tenentes:
2259 3565 2315 3607 ut
2332 3553 2387 3599 in
2405 3567 2542 3617 pom.-

1515 3628 1595 3692 pis
1605 3631 1874 3692 procedere
1892 3643 1939 3678 et
1960 3631 2327 3697 conspiciendi,
2347 3642 2397 3679 et
2419 3647 2538 3680 vero

1515 3706 1758 3755 tarditatis
1783 3724 1840 3756 ac
1868 3710 2177 3759 lentitudinis
2204 3709 2347 3758 affert
2373 3710 2544 3758 notio-

1516 3800 1646 3843 nem,
1657 3801 1766 3849 quae
1778 3787 1876 3844 huc
1890 3788 2081 3854 egregie
2096 3804 2221 3836 conv
2227 3788 2352 3849 enit3
2367 3790 2539 3838 Bauer.

1515 3862 1733 3928 (Confer
1762 3863 1825 3911 ad
1851 3866 2075 3914 Juvenal.
2101 3869 2151 3926 1,
2177 3868 2240 3930 39
2259 3885 2273 3928 3
2292 3880 2341 3917 et
2366 3869 2428 3916 ad
2453 3870 2542 3919 Sil.

1511 3942 1585 3988 vl
1599 3977 1614 4001 ,
1641 3940 1782 4007 444.)
1807 3945 1966 4005 Quum
1989 3945 2039 3992 ἰη
2057 3946 2289 3996 stationes
2299 3949 2545 4012 procede-

1511 4032 1621 4068 rent
1647 4023 1776 4083 conj.
1798 4024 2098 4088 Sigon—Q.
2121 4027 2379 4093 Sulpicium
2402 4046 2419 4075 .·
2437 4027 2520 4096 Ap
2534 4064 2546 4076 .

1512 4099 1766 4149 Claudium
1780 4137 1796 4163 ,
1817 4104 1857 4151 si
1878 4106 2020 4153 Festo
2041 4103 2179 4153 fides.
