3000 4717
2208 300 2254 338 A.
2279 299 2325 339 C.
2352 302 2581 347 hod-403·

527 345 553 392 1
575 343 658 391 lo
1348 318 1428 388 Τ.
1493 319 1768 389 LIVII
2206 360 2323 400 uc.
2352 363 2580 416 343-349,

512 455 806 541 accepta
826 437 1060 512 clades
1072 494 1091 529 ,
1114 441 1371 511 amisso
1389 442 1791 538 Verrugine
1809 439 2137 537 praesidio
2160 467 2176 509 :
2200 440 2329 511 ubi
2352 456 2636 516 tantum

511 556 592 627 in
614 568 938 649 tempore
960 550 1094 621 fuit
1118 553 1506 640 momenti,
1534 567 1650 641 ut,
1676 577 1903 648 quum
1931 551 2388 649 precantibus
2420 578 2637 650 opem

512 662 896 751 militibus,
927 664 1056 760 qui
1093 661 1196 732 ibi
1231 688 1271 733 a
1296 663 1573 734 Volscis
1610 662 2163 751 obsidebantur,
2192 665 2547 752 succurri,
2578 665 2636 734 si

510 786 948 842 maturatum
987 787 1207 861 esset,
1241 774 1592 871 potuisset
1612 827 1631 863 ,
1674 773 1764 843 ad
1787 777 1817 825 4
1849 773 1923 846 id
1963 774 2238 845 venerit
2282 775 2636 845 exercitus

510 880 833 952 subsidio
858 882 1115 953 missus
1133 935 1152 968 ,
1180 895 1264 952 ut
1297 881 1388 953 ab
1421 885 1697 954 recenti
1728 882 1917 954 caede
1948 883 2165 980 palati
2194 883 2281 953 ad
2312 881 2633 981 praedan-

421 1008 428 1013 ’
511 991 688 1062 dum
715 992 957 1063 hostes
990 994 1599 1090 opprimerentur.
1627 993 2006 1065 Tarditatis
2034 1017 2245 1065 causa
2274 994 2351 1062 in
2381 1007 2637 1064 senatu

510 1105 733 1201 magis
773 1103 909 1174 fuit
931 1158 949 1192 ,
990 1128 1209 1200 quarn
1246 1105 1324 1174 in
1370 1102 1682 1176 tribunis
1726 1133 1741 1174 ε
1790 1107 1915 1201 qui
1937 1101 1992 1194 5,
2037 1107 2205 1200 quia
2246 1127 2524 1175 summa
2565 1104 2637 1171 vi

508 1229 777 1286 restare
814 1213 1371 1303 nuntiabantur,
1414 1239 1671 1310 parum
1705 1215 2199 1312 cogitaverunt
2217 1267 2236 1301 ,
2272 1211 2471 1282 nulla
2506 1212 2638 1281 vir-

510 1335 665 1392 tute
705 1324 1025 1420 superari
1058 1322 1540 1394 humanarum
1580 1325 1841 1394 virium
1875 1323 2198 1394 modum.
2248 1321 2636 1392 Fortissimi

509 1430 771 1502 milites
799 1458 951 1502 non
982 1447 1258 1523 tamen,
1293 1459 1428 1506 nec
1465 1436 1638 1526 vivi,
1672 1459 1808 1506 nec
1844 1449 2009 1532 post
2044 1447 2392 1521 mortem,
2426 1431 2639 1501 inulti

509 1539 734 1611 fuere.
787 1546 1210 1637 Insequenti
1259 1569 1452 1616 anno
1476 1600 1494 1634 ,
1539 1550 1611 1615 P.
1662 1561 1734 1617 et
1779 1550 1911 1618 Cn.
1958 1544 2306 1615 Corneliis
2359 1544 2632 1632 Cossis,

509 1654 597 1721 N.
624 1649 842 1720 Fabio
865 1651 1216 1722 Ambusto
1231 1706 1249 1740 ,
1277 1659 1358 1724 L.
1379 1655 1667 1727 Valerio
1692 1658 1961 1744 Potito,
1991 1653 2302 1726 tribunis
2325 1655 2637 1724 militum

508 1759 872 1830 consulari
908 1773 1302 1857 potestate,
1337 1765 1579 1834 veiens
1612 1764 1884 1836 bellum
1917 1780 2199 1836 motum
2244 1764 2341 1836 ob
2384 1787 2634 1860 super-

473 1871 689 1943 -bum
722 1896 1152 1970 responsum
1186 1860 1486 1944 Veientis
1525 1889 1847 1961 senatus3
1876 1877 2007 1971 qui
2041 1874 2287 1973 legatis
2316 1889 2637 1971 repeten-

509 1982 706 2056 tibus
723 2009 837 2056 res
849 2040 870 2073 ,
889 1987 968 2055 ni
988 1984 1416 2056 facesserent
1434 2009 1743 2082 propere
1763 1985 1945 2055 urbe
1963 1983 2377 2081 finibusque
2389 2039 2409 2070 ,
2426 1984 2637 2057 datu-

508 2116 630 2164 ros
645 2090 702 2183 ⁶,
726 2095 925 2193 quod
948 2101 1120 2182 Lars
1142 2094 1567 2166 Tolumnius
1596 2093 1936 2182 dedisset,
1961 2093 2384 2191 responderi
2401 2094 2631 2186 jussit.

509 2202 597 2273 Id
630 2210 868 2276 Patres
902 2230 1085 2303 aegre
1118 2206 1303 2303 passi
1336 2205 1719 2275 decrevere
1737 2258 1756 2291 ,
1784 2218 1867 2274 ut
1900 2203 2173 2274 tribuni
2202 2201 2512 2272 militum
2542 2201 2638 2275 de

509 2310 705 2383 bello
741 2313 1130 2384 indicendo
1157 2314 1580 2386 Veientibus
1618 2316 1855 2413 primo
1884 2338 2178 2410 quoque
2216 2311 2331 2383 die
2375 2311 2463 2382 ad
2500 2336 2635 2409 po·

508 2421 767 2517 pulum
796 2420 1087 2493 ferrent.
1118 2424 1334 2515 Quod
1362 2422 1490 2495 ubi
1518 2412 1754 2522 primo
1781 2424 2316 2523 promulgatum
2344 2437 2480 2509 est,
2507 2419 2636 2492 fre·

510 2555 707 2601 mere
731 2530 1075 2624 juventus
1092 2588 1110 2621 ,
1141 2535 1496 2607 Nondum
1521 2536 1955 2607 debellatum
1975 2561 2132 2608 cum
2165 2534 2427 2607 Volscis
2450 2557 2633 2604 esse:

513 2639 732 2711 modo
763 2641 911 2713 duo
925 2644 1321 2741 praesidem
1349 2647 1712 2719 occidione
1737 2652 2004 2733 occisa,
2036 2662 2106 2717 et
2130 2670 2288 2718 cum
2305 2643 2634 2744 periculo

510 2824 641 2872 casio
655 2834 924 2888 peteretur,
971 2826 1084 2876 vide
1106 2828 1169 2876 ad
1191 2831 1215 2876 1
1229 2827 1290 2889 ‚‘1
1305 2845 1326 2875 1
1345 2864 1359 2888 ,
1392 2845 1442 2875 ιι.
1468 2844 1489 2875 1
1511 2845 1526 2887 ;

510 2917 559 2954 et
586 2908 640 2963 1,
665 2903 759 2961 56,
786 2920 838 2952 ιι.
872 2920 950 2953 ιο.

582 2994 629 3040 4.
659 2988 747 3034 Ad
774 2988 849 3045 id,
894 2986 960 3034 ob
996 2987 1050 3034 id
1076 2999 1263 3036 tantum
1290 2987 1434 3051 (vide
1462 2986 1526 3034 ad

510 3066 564 3121 1,
593 3066 681 3122 34,
719 3084 769 3115 ιι.
802 3065 865 3131 5)
901 3066 1092 3113 venerit
1124 3067 1390 3123 exercitus,
1430 3078 1523 3113 etc.

507 3144 696 3190 venerit
709 3156 897 3192 tantum
906 3144 969 3191 ad
978 3144 1329 3208 opprimendos
1340 3145 1523 3192 hostes.

581 3220 628 3267 5.
673 3222 791 3281 Qui,
841 3222 1025 3276 seilicet
1060 3234 1250 3269 senatus
1292 3222 1436 3286 (vide
1465 3222 1529 3268 ad

511 3302 589 3347 111
601 3333 615 3357 ‚
633 3315 693 3358 72
710 3334 724 3358 ‚
739 3315 788 3345 n.
806 3298 891 3364 3),
915 3299 1033 3362 quia
1050 3316 1237 3347 summa
1254 3300 1529 3360 virectum,

506 3379 754 3438 resistere,
791 3376 1166 3438 nuntiabantur,
1194 3379 1380 3427 scilicet
1401 3379 1529 3425 mili-

509 3468 605 3516 tes,
642 3457 727 3521 qui
750 3456 1021 3518 Verrugine
1047 3456 1100 3503 in
1136 3458 1366 3522 praesidio
1394 3470 1530 3506 erant

509 3537 632 3602 (nisi
651 3537 745 3599 leg.
765 3535 940 3582 restari
955 3535 1303 3601 nuntiabatur)
1316 3572 1332 3594 ‚
1346 3553 1530 3600 parum

509 3615 838 3681 cogitaverunt
882 3613 1082 3680 (propr.
1128 3616 1390 3682 cogitavi&
1441 3617 1529 3664 sed

487 3707 704 3747 ‚senatus
729 3706 802 3743 est
824 3710 958 3742 nom.
984 3695 1202 3760 collect.)
1243 3707 1528 3759 reputarunt

510 3789 673 3819 secum
684 3808 698 3831 ,
712 3775 896 3821 nullam
902 3775 1131 3823 virtutem
1141 3776 1371 3840 progredi
1380 3791 1524 3839 posse

509 3852 636 3899 ultra
669 3851 993 3900 humanarum
1016 3857 1197 3903 virium
1221 3856 1432 3904 modum.
1455 3855 1525 3901 11-

509 3929 597 3976 lud
614 3930 698 3993 qui
716 3930 865 3979 deleri
886 3934 1093 3982 malebat
1112 3936 1335 3983 Gron.‘et
1358 3934 1528 3982 nimia»

513 4024 620 4056 rum
658 4022 749 4071 pro
790 4008 1112 4059 humanarum
1144 4014 1318 4074 conjic.
1355 4013 1526 4061 Faber.

512 4088 708 4136 Restare
728 4096 802 4134 est
819 4086 950 4136 idem
963 4090 1098 4152 quod
1114 4092 1352 4149 resiscere,
1382 4093 1528 4142 adeo·

1616 2845 1710 2893 que
1733 2829 1810 2877 vel
1830 2829 2114 2886 subsistere,
2137 2825 2311 2891 pedem
2334 2822 2483 2887 figere
2497 2857 2512 2882 ,
2538 2836 2637 2869 ma-

1614 2924 1755 2966 nere,
1784 2920 1839 2955 ut
1869 2910 1967 2966 IX,
2007 2906 2066 2952 15
2088 2939 2102 2963 ‚
2137 2921 2187 2949 ιι.
2228 2919 2248 2949 ι
2274 2920 2289 2961 ;
2315 2912 2365 2948 et
2402 2903 2634 2959 XXXII,

1616 3004 1709 3049 29,
1739 3003 1790 3034 ιι.
1821 2994 1884 3043 4;
1919 2985 1996 3031 vel
2018 2981 2243 3029 hostibus
2269 2979 2516 3037 resistere,
2544 2979 2635 3027 ob·

1616 3067 1809 3122 sistere,
1846 3075 1900 3109 ut
1924 3062 1976 3110 h.
2007 3062 2041 3108 l.
2078 3071 2126 3107 et
2151 3061 2251 3117 Vl,
2295 3060 2385 3117 323
2414 3060 2497 3116 X,
2537 3066 2635 3117 143

1615 3144 1821 3200 XXIII,
1846 3141 1911 3195 45
1928 3157 1942 3199 3
1960 3140 2165 3196 XXIX,
2187 3154 2244 3197 23
2267 3139 2512 3196 XXXIV,
2536 3145 2599 3193 14
2618 3171 2632 3196 ,

1616 3233 1665 3269 et
1685 3221 1763 3267 15.
1789 3247 1859 3256 —-
1879 3220 1983 3265 Nec
1999 3217 2102 3266 vivi
2121 3218 2306 3266 scilicet
2329 3217 2494 3266 multis
2516 3227 2630 3264 ante

1615 3310 1823 3347 mortem
1845 3315 1980 3346 suam
2006 3298 2142 3346 caesis
2165 3298 2409 3346 hostibus.

1688 3381 1736 3428 6.
1760 3381 1976 3426 Datur-os
1989 3413 2005 3435 ,
2050 3376 2186 3441 quod
2210 3381 2333 3425 Lars
2363 3376 2440 3424 vel
2467 3374 2631 3438 potius

1617 3460 1720 3505 Lar
1752 3457 1895 3521 (vide
1916 3456 1979 3505 ad
2002 3458 2077 3516 11,
2097 3473 2129 3518 9
2147 3491 2161 3516 ‚
2191 3473 2240 3504 ιι.
2273 3472 2296 3503 1
2315 3455 2336 3520 )
2360 3450 2633 3501 Tolumnius

1617 3538 1825 3585 dedisset
1830 3573 1846 3596 ,
1885 3538 2071 3585 scilicet
2105 3547 2338 3595 mortem;
2377 3532 2490 3580 vide
2524 3544 2631 3592 cap.

1624 3632 1681 3677 17
1714 3633 1789 3681 pr.
1816 3644 1826 3654 ·

1689 3712 1736 3756 7.
1762 3698 1871 3743 Duo
1891 3694 2127 3759 praesidia
2140 3728 2157 3749 ,
2186 3691 2391 3747 milites,
2413 3687 2499 3751 qui
2511 3687 2630 3734 Ver·

1614 3775 1785 3838 rugine
1812 3786 1860 3823 et
1886 3775 1939 3821 in
1963 3789 2070 3821 arce
2089 3772 2388 3819 Carventana
2405 3767 2631 3830 fuissent,

1612 3853 1860 3901 occidione
1879 3853 2039 3899 occisa
2061 3849 2203 3913 (vide
2216 3849 2363 3905 adn,
2387 3847 2469 3901 51,
2488 3862 2537 3891 ιι.
2558 3843 2631 3908 1),

1612 3945 1661 3982 et
1683 3950 1791 3981 cum
1800 3932 2019 3996 periculo
2043 3928 2262 3983 retineri,
2287 3923 2507 3979 defendi,
2535 3924 2629 3969 sei-

1610 4013 1727 4061 licet
1742 4010 1978 4076 praesidia
1995 4011 2045 4055 h.
2066 4025 2108 4054 e.
2129 4021 2288 4061 arces,
2310 4017 2394 4049 seu
2412 4000 2632 4048 castella:

1612 4108 1726 4142 nam
1756 4104 1856 4137 vox
1883 4084 2169 4152 praesidium
2208 4080 2401 4130 duobus
2442 4080 2604 4130 verbis
2616 4125 2633 4150 ‚
