3000 4717
412 328 535 432 {¹1:81
561 327 789 429 {33:333
874 336 1195 414 LIBER
1254 344 1382 412 1v.
1451 343 1666 414 CAP.
1734 344 1959 411 x111.
2110 436 2117 442 ἢ
2392 347 2472 418 31

359 473 578 544 vatim
625 467 975 567 agendam
1026 480 1436 565 susceperat
1455 521 1475 555 ‚
1522 490 1752 563 quum
1784 467 1864 536 in
1909 480 2218 563 utraque
2264 467 2488 542 domo

359 606 586 680 genus
603 576 634 623 5
658 578 852 650 idem
877 577 1259 652 hominum
1286 591 1721 665 versaretur,
1746 601 1902 649 rem
1931 592 2372 676 compertam
2399 581 2493 654 ad

361 704 692 764 senatum
728 687 990 759 refert:
1030 687 1207 758 Tela
1235 695 1308 760 in
1333 688 1641 768 domum,
1665 687 1895 759 Maelii
1922 690 2262 779 conferri,
2299 717 2489 764 eum-

362 826 505 897 que
541 805 919 872 conciones
955 798 1159 872 domi
1188 798 1500 887 habere,·
1534 825 1623 871 ac
1649 823 1798 871 non
1832 799 2060 882 dubia
2093 807 2297 898 regni
2327 827 2487 874 con·

361 910 523 982 silia
558 935 755 982 esse.-
793 906 1111 1006 tempus⁶
1139 909 1449 1006 agendae
1484 915 1593 981 rei
1620 908 1945 982 nondum
1978 925 2165 982 stare
2177 939 2201 998 ‚·
2230 927 2491 984 coetem

344 1022 518 1115 jam
560 1027 1007 1107 conveni-5563
1038 1036 1111 1092 et
1145 1021 1469 1092 tribunos
1507 1020 1829 1091 mercede
1873 1035 2144 1118 emptos
2177 1022 2286 1091 ad
2304 1046 2489 1119 pro-

360 1129 680 1202 dendam
732 1130 1161 1218 libertatem,
1207 1147 1279 1203 et
1321 1135 1600 1229 partita
1650 1131 1961 1201 ducibus
2018 1133 2493 1205 multitudinis

362 1247 760 1314 ministeria
791 1268 945 1314 esse
969 1270 991 1311 .·
1025 1248 1253 1314 serius
1299 1267 1377 1313 se
1406 1265 1631 1339 poene
1643 1294 1665 1327 ,
1705 1266 1929 1337 quam
1964 1257 2196 1312 tutam
2213 1244 2453 1331 ficerit
2461 1297 2486 1331 ,

361 1375 453 1421 ne
487 1353 695 1447 cujus
728 1359 976 1424 incerti
999 1358 1323 1449 vanique
1344 1367 1608 1422 auctor·
1634 1367 1836 1436 esset,
1868 1376 1958 1421 ea
1985 1351 2279 1441 defferre.
2314 1358 2494 1445 Quae

361 1476 749 1558 postquam
796 1477 967 1535 sunt
1010 1463 1289 1548 audita,
1326 1476 1398 1535 et
1438 1460 1766 1556 undique
1807 1463 2163 1557 primores
2202 1468 2492 1536 Patrum

362 1587 436 1642 et
472 1575 731 1671 prioris
772 1575 943 1644 anni
979 1571 1313 1643 consules
1347 1572 1804 1668 increparent
1825 1626 1844 1660 ‚
1885 1571 2085 1668 quod
2119 1598 2235 1644 eas
2277 1573 2497 1673 largi-

363 1683 599 1754 tiones
640 1697 1014 1778 coetusque
1056 1680 1288 1779 plebis
1326 1683 1406 1751 in
1449 1682 1725 1778 privata
1770 1681 1992 1753 domo
2028 1686 2217 1780 passi
2255 1701 2495 1757 essent

365 1790 524 1864 fieri
545 1848 565 1880 ‚
609 1806 682 1863 et
732 1816 959 1864 novos
1003 1792 1367 1881 consuleS‚
1412 1792 1613 1889 quod
1649 1807 2179 1892 exspectassent
2200 1851 2218 1885 ‚
2259 1795 2494 1870 donec

365 1928 407 1974 a
440 1902 781 1999 praefecto
820 1928 1129 1976 annonae
1160 1917 1357 1974 tanta
1398 1928 1516 1974 res
1556 1904 1645 1975 ad
1693 1919 2022 1975 senatum
2057 1905 2490 1998 deferretur,

365 2040 526 2111 quae
554 2015 927 2088 consulem
945 2026 970 2070 7
1008 2041 1161 2086 non
1195 2029 1565 2087 auctorem
1598 2016 1834 2087 solum
1862 2017 2300 2089 desideraret
2318 2075 2337 2108 ‚
2369 2019 2497 2091 sed

289 2219 292 2226 ‚
367 2128 587 2198 etiam
617 2126 1019 2216 vindicem;
1048 2141 1208 2199 tum
1256 2131 1333 2197 T.
1374 2126 1717 2217 Quintius
1735 2181 1754 2215 ‚
1788 2127 2111 2198 consules
2144 2134 2498 2202 immerito

364 2244 762 2333 increpari,
801 2239 897 2310 ait
913 2293 934 2327 ,
976 2243 1141 2335 qui,
1177 2244 1536 2308 constricti
1563 2236 1843 2335 legibus
1871 2238 2497 2335 depr-evocatione

364 2345 472 2416 ad
498 2347 1038 2420 dissolvendum
1070 2353 1451 2446 imperium
1481 2347 1677 2436 Ζαειζς,
1717 2373 2184 2446 nequaquam
2217 2363 2495 2420 tantum

369 2461 630 2528 virium
664 2464 740 2528 in
780 2464 1207 2556 magistratu
1241 2460 1352 2529 ad
1383 2484 1547 2529 eam
1585 2484 1733 2531 rem
1755 2485 1897 2558 pro
1924 2466 2300 2531 affocitate
2331 2468 2498 2531 vin-

308 2579 309 2582 ’
369 2565 794 2653 dicandam,
822 2585 1179 2664 quantum
1203 2576 1437 2640 animi
1445 2625 1468 2659 ,
1504 2570 1896 2642 haberent.-
1937 2596 2121 2670 opus
2157 2595 2310 2643 esse
2343 2596 2494 2642 non

345 2675 541 2764 forti
567 2675 807 2746 solum
839 2683 1037 2766 viro,
1072 2678 1207 2749 sed
1242 2685 1465 2749 etiam
1498 2679 1719 2751 libero
1753 2682 2225 2777 exsolutoque
2260 2679 2497 2778 legum

368 2786 718 2859 vmculis:
743 2793 987 2883 itaque
1014 2812 1090 2858 se
1124 2788 1543 2860 dictatorem
1575 2796 1650 2860 L.
1692 2795 2067 2882 Quintium
2101 2790 2456 2864 dicturum
2468 2820 2500 2878 5

371 2991 654 3053 Florebelli3
673 3005 723 3050 at
742 2995 797 3042 in
815 2995 1042 3044 omnibus
1062 2995 1189 3044 MSS
1209 3005 1263 3042 et
1277 2992 1392 3042 edd.

371 3082 493 3120 antt.
517 3072 821 3137 reipublicae,
842 3076 979 3139 quod
1002 3075 1167 3123 *minus
1193 3074 1393 3138 quidem

373 3162 539 3214 aptum
552 3186 567 3210 ‚
601 3153 688 3199 sed
725 3170 831 3201 non
861 3156 1011 3219 plane
1040 3155 1265 3219 ineptum
1294 3164 1392 3213 est,

374 3229 487 3278 vide
513 3231 579 3278 ad
603 3234 687 3291 ΙΙ,
711 3235 811 3293 64,
835 3250 886 3282 ιι.
919 3236 965 3282 3.

447 3307 494 3352 5.
529 3311 691 3358 Genus
718 3312 844 3359 idem
871 3312 1141 3371 hominum,
1171 3313 1275 3362 scil.
1302 3313 1391 3377 qui

377 3399 656 3435 coemerent
698 3390 1008 3441 frumentum.
1033 3420 1105 3430 -
1129 3394 1257 3440 Mox
1297 3391 1392 3456 pro

378 3464 629 3512 eonaioeoes
654 3468 810 3516 (ἔσται.
836 3473 966 3532 conj.
993 3471 1249 3528 coitiones,
1275 3471 1327 3518 h.
1347 3487 1390 3519 e.

379 3554 533 3591 coetus
557 3543 912 3604 clandestinos,
926 3560 984 3596 ut
1000 3565 1119 3598 mox
1134 3561 1282 3598 coeeus
1290 3551 1396 3615 ple-

379 3622 449 3670 bis
460 3642 481 3681 ;
500 3639 549 3669 v.
574 3622 638 3670 ad
656 3625 731 3681 11,
752 3625 817 3669 28
831 3657 846 3680 ,
868 3641 915 3670 n.
947 3627 993 3672 3.
1022 3628 1117 3676 Sed
1142 3628 1393 3676 conciones

379 3702 554 3751 eodem
579 3718 776 3766 quoque
805 3718 950 3749 sensu
977 3691 1334 3770 capi'possunt.

449 3782 500 3831 6.
526 3784 726 3848 Tempus
750 3781 966 3830 nondum
987 3793 1142 3839 stare,
1162 3785 1398 3833 constitu-

383 3871 484 3910 tum
498 3896 514 3919 ‚
531 3860 789 3912 definitum
813 3878 933 3910 esse.
961 3860 1193 3911 Similiter
1211 3875 1400 3912 senten-

302 3959 315 3964 *
384 3940 454 3988 tia
480 3940 533 3987 ei.
550 3940 758 3999 stac,h.
789 3957 833 3990 e.
868 3957 973 3990 non
1004 3941 1154 3992 dubia
1189 3953 1290 4000 est,
1313 3944 1401 3994 eod

382 4031 514 4068 certa
533 4030 582 4068 et
597 4019 737 4070 firma
754 4019 833 4086 (ut
847 4020 908 4068 al.
928 4020 976 4069 ei
990 4020 1229 4087 constat),
1243 4022 1396 4083 XXI,

386 4091 479 4164 29',
505 4100 569 4148 30
587 4117 662 4165 pr.
681 4101 864 4162 ΣΠ,
885 4107 915 4158 4
933 4117 948 4162 3
968 4112 1017 4149 et
1033 4117 1133 4152 non
1152 4101 1272 4152 satis
1283 4117 1398 4150 eon·

1479 2995 1646 3043 stabat
1668 2994 1843 3044 animis
1865 2997 2069 3044 xxvu
2082 3028 2098 3054 ‚
2125 3003 2192 3051 44
2214 3012 2291 3059 pr.
2315 2995 2499 3046 Confer

1479 3074 1542 3122 ad
1566 3075 1803 3133 xxxn,
1836 3090 1924 3137 19,
1948 3090 1999 3121 n.
2026 3074 2074 3123 5.

1553 3169 1579 3214 7
1592 3191 1604 3203 .
1636 3153 1890 3201 Consulem
1905 3165 2153 3202 auctorem
2162 3189 2179 3211 ,
2200 3152 2315 3201 vide
2337 3153 2401 3201 ad
2419 3155 2470 3201 11
2483 3188 2501 3215 ,

1483 3232 1578 3292 58,
1599 3249 1649 3280 ιι.
1676 3233 1980 3282 1.—Libero
2004 3233 2320 3297 exsolutoque
2341 3234 2499 3297 Legum

1478 3311 1707 3361 vinculis.
1730 3314 1806 3360 Ex
1828 3312 1906 3364 his
1931 3295 2123 3375 Quimii
2146 3312 2309 3361 verbis
2333 3311 2503 3376 colligi

1479 3407 1625 3456 posse
1652 3392 1867 3451 videtur,
1884 3393 2047 3457 inquit
2070 3392 2326 3441 Creverius
2341 3425 2355 3449 ,
2376 3406 2404 3435 a
2427 3389 2503 3436 di-

1482 3481 1669 3519 ctatore
1693 3482 1812 3519 tunc
1835 3472 2241 3536 provocationem
2262 3468 2326 3515 ad
2348 3484 2506 3532 popu-

1481 3550 1584 3598 lum
1609 3565 1714 3598 non
1737 3550 1903 3598 fuisse.
1922 3553 2107 3598 Tamen
2137 3549 2170 3595 l.
2208 3562 2301 3602 ιιι,
2328 3561 2372 3592 c.
2403 3545 2470 3596 55
2485 3580 2502 3607 ‚

1482 3629 1649 3675 Livius
1686 3629 1831 3676 latam
1863 3645 1966 3676 esse
1999 3629 2156 3690 legem
2187 3626 2505 3684 memoravit,

1484 3708 1562 3753 Ne
1591 3707 1698 3771 quis
1725 3708 1875 3754 ullum
1904 3706 2241 3769 magistratum
2264 3704 2367 3752 sine
2382 3721 2503 3768 pro-

1484 3786 1734 3833 vocatione
1751 3795 1952 3831 crearet.
1972 3785 2157 3830 Verum
2174 3783 2377 3831 fortasse
2397 3784 2504 3848 lege

1483 3863 1570 3912 illo
1590 3862 1829 3910 sancitum
1848 3863 1930 3921 jus
1951 3860 2173 3911 nondum
2190 3877 2283 3927 pro
2305 3861 2500 3911 firmato

1486 3941 1669 4000 stabat,
1689 3955 1848 4003 neque
1871 3940 2031 3990 adhuc
2052 3952 2280 4006 pomer-at
2296 3942 2506 4006 antiqui-

1484 4032 1564 4069 tus
1598 4020 1892 4084 assignem
1925 4021 2177 4072 dictatam
2204 4022 2503 4083 maiestatem

1485 4101 1787 4151 imminuere.
1814 4102 1903 4150 En.
