3000 4717
441 300 565 401 213:
594 298 818 413 {23:325
869 320 1188 387 LIBER
1236 322 1323 390 v.
1380 320 1598 390 CAP.
1649 320 1811 407 xv.
1868 319 2080 388 xvi.
2366 312 2496 386 153

389 439 694 512 tacendo
713 441 1033 531 forsitan
1048 493 1069 526 ,
1103 464 1270 538 quoe
1308 440 1415 511 dii
1445 438 1880 512 immortales
1914 436 2209 533 vulgari
2233 433 2493 521 velint,

388 549 599 622 haud
630 557 895 635 minus,
931 575 1153 648 quam
1190 549 1499 623 celanda
1532 548 1832 642 effando
1854 604 1873 634 ,
1907 548 2108 638 nefas
2145 545 2496 618 contrahi.

386 665 503 732 Sic
532 666 751 758 igitur
784 660 979 732 libris
992 661 1387 751 fatalibus,
1416 666 1514 732 sio
1542 657 1918 757 disciplina
1946 673 2231 729 etrusca
2265 654 2493 728 tradi-

387 785 540 842 tum
574 774 754 860 esse,
791 787 872 842 ut
907 771 1206 869 quando
1250 796 1448 870 aqua
1486 769 1763 842 albana
1793 768 2276 855 abundasset,
2310 781 2497 851 tum,

385 885 450 950 si
478 905 638 951 eam
673 872 1045 953 Romanus
1079 887 1210 952 rite
1247 887 1615 967 emisisset,
1653 885 2034 954 victoriam
2076 877 2170 948 de
2206 881 2278 944 V
2268 880 2503 945 eienti-

387 989 520 1061 bus
554 989 721 1061 dari
733 1019 756 1075 ,·
791 994 1179 1090 antequam
1220 991 1301 1062 id
1313 992 1501 1087 fiat,
1549 991 1723 1062 deos
1770 994 2038 1063 moenia
2097 990 2498 1061 Veientium

385 1096 786 1171 deserturos
808 1125 954 1172 non
979 1098 1188 1173 esse8.
1210 1101 1758 1199 Exsequebatur
1781 1100 1951 1170 inde
1966 1153 1986 1187 ,
2003 1122 2162 1194 quae
2185 1094 2503 1168 solennis

387 1207 738 1297 derivatio
772 1228 977 1284 esset.
1018 1213 1157 1285 Sed
1193 1229 1563 1285 auctorem
1599 1214 1878 1283 levem⁹
1910 1236 2044 1281 nec
2077 1209 2240 1281 satis
2274 1206 2504 1277 fidum

387 1342 605 1416 super
627 1335 823 1392 tanta
839 1348 919 1394 re
937 1328 1175 1395 Patres
1200 1326 1367 1411 rati,
1391 1323 1804 1409 decrevere,
1833 1321 2100 1416 legatos
2128 1332 2505 1412 sortesque

384 1430 657 1501 oraculi
683 1432 955 1529 pythici
974 1445 1039 1477 ¹⁰
1062 1432 1595 1530 exspectandas.

479 1544 669 1611 XVI.
708 1541 1135 1643 Pdusquam
1166 1565 1205 1612 a
1235 1541 1536 1638 Delphis
1567 1553 1887 1627 oratores
1920 1537 2275 1624 redirent,
2305 1532 2504 1605 alba-

385 1649 550 1719 nive
587 1650 894 1746 prodigii
929 1651 1208 1748 piacula
1245 1653 1767 1737 invenirentur,
1802 1651 1972 1720 novi
2006 1647 2282 1718 tribuni
2316 1646 2503 1717 mili-

387 1770 543 1826 tum
569 1758 931 1831 consulari
950 1765 1303 1858 potestate
1320 1815 1340 1849 ,
1359 1766 1439 1832 L.
1462 1760 1694 1830 Julius
1709 1759 1944 1845 sulus,
1965 1764 2044 1830 L.
2070 1758 2325 1828 Furius
2347 1760 2523 1827 Me·-

386 1866 709 1941 dullinus
743 1886 1078 1967 quartum
1105 1926 1123 1959 ,
1162 1877 1242 1944 L.
1278 1873 1564 1969 Sergius
1605 1871 1943 1967 FidenaS,
1978 1874 2060 1941 A.
2100 1869 2504 1940 Postumius

383 1979 802 2075 Regillensis
814 2036 834 2070 ,
856 1985 929 2051 P.
948 1981 1327 2053 Cornelius
1341 1982 1857 2079 Maluginensis
1869 2034 1889 2068 ,
1910 1984 1992 2051 A.
2010 1978 2319 2051 Manlius
2331 2031 2350 2065 ‚
2364 2001 2509 2047 ma-

382 2088 754 2184 gistratum
784 2092 1122 2163 inierunt.
1144 2097 1247 2163 Eo
1267 2117 1458 2164 anno
1483 2093 2037 2187 Tarquinienses
2066 2089 2236 2160 novi
2264 2087 2504 2157 hostes

383 2201 650 2288 exorti3
670 2201 840 2296 quia
859 2211 881 2242 ¹*
906 2202 1116 2272 simul
1140 2203 1386 2274 multis
1405 2201 1616 2274 bellis
1630 2255 1650 2289 ,
1667 2201 2095 2273 Volscorum
2115 2196 2203 2269 ad
2225 2202 2501 2285 Anxur,

381 2304 514 2376 ubi
538 2310 951 2403 praesidium
978 2292 1473 2401 obsidebatur,
1489 2315 1891 2410 AEquorum
1908 2310 1998 2381 ad
2019 2309 2317 2381 Lavicos
2334 2361 2354 2396 ,
2375 2307 2503 2404 qui

381 2483 446 2532 ad
463 2486 509 2543 1,
531 2501 556 2545 7
572 2519 587 2543 2
602 2503 653 2539 n·
675 2487 738 2551 9)
760 2488 919 2537 divino
933 2490 1101 2554 spiritu
1121 2490 1394 2548 instinctus,

385 2573 439 2609 ut
465 2564 516 2621 1,
561 2579 616 2623 17
631 2598 646 2624 ,
671 2565 900 2615 incitatus
930 2567 1013 2632 (ut
1035 2569 1168 2632 apud
1190 2570 1397 2631 Quintil.

382 2640 512 2700 XII,
535 2658 621 2699 10,
643 2642 705 2690 de
715 2643 951 2709 vatibus).
972 2647 1203 2694 Similiter
1220 2658 1394 2705 taetus,

382 2718 479 2768 hoc
516 2732 614 2780 est,
641 2721 852 2781 afflatus,
890 2723 1071 2771 dieitur
1096 2741 1204 2788 cap.
1232 2740 1295 2771 21
1322 2742 1398 2788 pr.

382 2810 432 2847 et
458 2802 524 2856 43
545 2786 675 2849 'extn
703 2826 776 2839 --
804 2802 930 2849 Mox
961 2814 1016 2849 ut·
1051 2802 1250 2865 quando
1277 2817 1399 2870 pro,

382 2882 472 2930 nbi
510 2868 655 2948 (ἵνα)
683 2883 948 2947 aliqnando
977 2898 991 2933 ε
1019 2878 1111 2932 sed
1135 2881 1191 2932 τὸ
1231 2893 1287 2928 ut
1314 2881 1400 2929 de-

377 2955 578 3006 lendum
597 2961 800 3009 omnino
815 2972 862 3009 et
880 2961 1196 3025 importatum
1209 2977 1238 3008 a
1253 2960 1401 3008 libra-

382 3035 458 3083 rio
468 3070 483 3095 ‚
499 3038 561 3084 ad
574 3040 745 3103 partic.
764 3050 903 3103 praet.
918 3039 987 3086 sic
999 3038 1121 3086 illud
1134 3040 1396 3098 referente3

381 3114 530 3162 Doer.
557 3117 638 3167 An
663 3117 991 3166 anacoluthon
1016 3129 1113 3177 est,
1136 3130 1220 3168 aut
1245 3117 1399 3182 negli-

383 3193 544 3255 gentia
561 3196 822 3256 orationis,
840 3212 948 3260 quae
958 3199 1206 3257 conjunct,
1225 3210 1280 3245 ut
1289 3199 1399 3259 jun-

382 3270 456 3317 xit
503 3269 749 3320 infinitivo
799 3274 913 3321 dari
960 3275 1398 3340 (quemadmodum

384 3364 531 3411 quum
554 3351 606 3406 Ι,
635 3350 698 3396 35
726 3351 831 3416 pr.)
855 3354 926 3401 uti
947 3354 1215 3403 indicativo
1241 3355 1400 3419 inquit

383 3428 584 3475 XXVII
594 3463 609 3487 ‚
632 3435 697 3490 49
711 3439 836 3478 extr.
852 3431 875 3476 Ρ
890 3431 1053 3496 Vulgo
1074 3446 1242 3482 contra
1254 3451 1395 3481 usum

381 3504 618 3569 loquendi
660 3520 913 3572 exponunt
948 3510 990 3556 si
1031 3512 1228 3574 quando
1244 3547 1259 3571 ‚
1298 3513 1396 3559 nisi

382 3584 508 3633 forte
531 3597 580 3634 et
605 3587 885 3634 XXXVIII
900 3622 914 3645 ,
958 3596 1019 3643 14
1035 3622 1049 3647 ,
1088 3606 1139 3637 n.
1174 3590 1230 3647 5,
1272 3602 1327 3637 ut
1345 3607 1397 3638 se

382 3679 588 3727 suosque
598 3664 830 3728 spoliaret
842 3665 1025 3714 dictum
1036 3683 1130 3732 pro
1139 3668 1182 3715 si
1191 3684 1258 3725 se,
1277 3680 1395 3728 οἵας

382 3751 432 3789 et
452 3742 553 3801 VI,
585 3751 647 3798 42
675 3755 795 3791 extr.
825 3755 881 3791 ut
899 3734 1276 3813 ‹ediles-fierent,
1301 3764 1395 3812 pro

381 3819 427 3866 si
444 3820 610 3868 oediles
619 3822 670 3886 J.
696 3838 788 3869 nee
825 3823 990 3886 potius
1015 3839 1107 3888 pro
1135 3839 1148 3871 :
1176 3840 1230 3872 ea
1264 3825 1395 3890 lege,

384 3914 468 3945 seu
491 3899 799 3959 conditione,
821 3912 877 3949 ut
896 3902 1061 3950 aediles
1087 3900 1277 3952 fierent.

456 3979 502 4024 8.
518 3979 643 4028 Deos
657 3979 834 4027 moenia
847 3981 1112 4037 Veientium
1129 3982 1397 4032 deserturos

385 4069 482 4102 non
514 4072 611 4105 esse
633 4076 650 4106 .·
676 4074 787 4108 nam
820 4058 890 4109 dii
920 4061 1145 4110 tutelares
1171 4062 1396 4128 geniique

1484 2492 1709 2540 locorum
1725 2493 1845 2541 urbe
1859 2491 2180 2558 expugnanda
2194 2501 2244 2539 et
2256 2504 2504 2557 expugna·

1485 2581 1535 2619 ta
1558 2572 1792 2620 excedere
1819 2572 2141 2621 credebantur
2165 2582 2214 2619 et
2241 2570 2306 2618 ad
2335 2570 2504 2618 hostes

1486 2652 1719 2710 transire3
1745 2651 1875 2700 unde
1893 2651 1955 2699 ab
1971 2651 2049 2699 hie
2068 2651 2262 2698 evocari
2283 2649 2506 2697 solebant

1488 2726 1690 2792 (confer
1710 2728 1835 2776 infra
1854 2745 1961 2792 cap.
1982 2744 2010 2775 α
2023 2744 2043 2774 1
2066 2745 2080 2787 ;
2101 2728 2227 2775 Plin.
2248 2728 2505 2784 XXVIII,

1487 2821 1652 2863 a‚seu
1679 2814 1735 2865 43
1758 2817 1806 2854 et
1831 2807 2058 2854 Macrob.
2080 2808 2176 2853 Sat.
2201 2807 2302 2861 111,
2325 2803 2418 2867 9),
2441 2805 2502 2851 ab

1487 2883 1749 2947 oppidanis
1788 2894 1948 2931 autem
1988 2883 2040 2930 in
2076 2883 2195 2929 tutis
2220 2881 2503 2944 arcanisque

1485 2960 1610 3009 loeis
1632 2961 1861 3020 recondi,
1903 2972 1988 3009 aut
2014 2960 2197 3008 catenis
2229 2959 2353 3006 adeo
2385 2975 2506 3007 con·

1487 3039 1676 3104 stringi.
1719 3066 1791 3076 -
1824 3038 2210 3102 Exseqttebatur,
2247 3038 2470 3086 narrabat
2490 3072 2505 3097 ,

1486 3118 1791 3183 exponebat,
1839 3118 1917 3166 vel
1963 3116 2363 3182 persequebatur,
2418 3133 2505 3165 seu

1484 3198 1745 3262 pergebat,
1775 3197 1961 3246 seilicet
1987 3197 2147 3247 dicere
2162 3232 2177 3257 ‚
2209 3210 2264 3246 ut
2282 3196 2503 3257 XXXV,

1492 3285 1580 3336 14,
1605 3294 1656 3326 n.
1677 3278 1736 3336 33
1759 3278 1904 3336 XLI,
1931 3292 2057 3337 7‚n.
2084 3292 2137 3337 13
2159 3278 2504 3342 etsaepiusex·

1484 3355 1623 3419 sequi
1637 3355 1733 3422 (al.
1756 3353 1956 3419 instare)
1977 3367 2025 3403 et
2038 3356 2270 3421 persequi
2285 3371 2504 3421 quoeren-

1484 3434 1550 3481 do
1564 3434 1684 3501 (pro
1700 3436 1950 3501 quast-ere),
1968 3435 2045 3484 vel
2065 3434 2378 3500 inquirendo,
2394 3449 2507 3497 per·-

1482 3515 1756 3562 eunctando
1774 3525 1824 3561 et
1840 3514 2130 3563 sciscitando
2145 3516 2222 3561 111
2235 3547 2249 3572 ‚
2265 3530 2331 3561 ao
2342 3546 2357 3571 ‚
2373 3528 2425 3558 n.
2441 3512 2468 3558 3
2483 3527 2502 3575 ς

1482 3593 1585 3652 VI,
1622 3601 1713 3653 143
1736 3595 1839 3651 IX,
1861 3594 1916 3651 3,
1941 3595 2034 3655 163
2055 3595 2237 3651 XXII,
2258 3592 2501 3651 33xxv,

1483 3685 1579 3731 293
1602 3687 1694 3735 pro
1715 3685 1728 3720 t
1753 3687 1903 3736 porro
1925 3682 1975 3719 et
1993 3671 2250 3735 diligenter
2266 3681 2411 3733 atque
2430 3686 2503 3719 se·

1486 3750 1603 3798 dulo
1624 3765 1862 3813 quaerere,
1883 3761 1975 3796 etc.

1557 3843 1606 3890 9.
1624 3829 1885 3874 Auctorem
1899 3828 2067 3884 levem,
2084 3844 2132 3874 v.
2143 3826 2206 3875 ad
2218 3829 2244 3874 I
2255 3862 2270 3888 ,
2290 3828 2352 3875 16
2364 3845 2437 3886 ‚n.
2454 3845 2501 3890 7.

1560 3922 1639 3956 10.
1669 3884 1828 3954 Sor·th
1849 3907 2040 3965 oraculi
2052 3905 2266 3971 pythici,
2296 3907 2409 3955 vide
2429 3908 2496 3956 nd

1483 3988 1535 4047 Ι,
1565 3985 1654 4044 56,
1678 4001 1728 4032 ιι.
1761 3985 1807 4032 5.
2164 4038 2171 4053 s

1556 4065 1676 4114 Cu».
1715 4065 1855 4112 XVI.
1901 4078 1945 4113 1.
1993 4064 2355 4129 Tarquinienses
2390 4065 2503 4113 novi
