3000 4717
446 332 687 443 32:333:
732 354 1051 423 LIBER
1100 354 1315 422 v111.
1373 354 1588 422 CAP.
1644 354 1928 422 xxxi.
1983 359 2308 427 xxxii.
2372 364 2507 460 ‘497

384 478 622 575 gloria
659 484 763 547 rei
793 493 1012 574 gesta!
1050 481 1516 548 exstinoeisset
1527 528 1548 561 ‚
1590 489 1756 545 tunc
1788 482 2126 549 victorem
2143 535 2163 567 ‚
2204 483 2421 556 velus
2441 494 2511 557 in

392 605 606 686 capto
640 597 948 661 exercitu
985 589 1477 659 dominantem
1498 639 1521 672 ‚
1567 585 1934 685 quidquid
1961 589 2241 662 licuerit
2260 601 2334 666 in
2362 624 2514 670 ma·

385 705 608 797 gistro
645 705 960 797 equitum
979 753 1000 785 ,
1041 705 1113 769 in
1151 697 1492 768 militibus
1529 720 1897 768 ausurum.
1945 702 2263 771 Proinde
2302 705 2512 778 ades-

369 813 550 879 ‘sent
566 804 594 851 ⁸
633 814 705 879 in
750 829 886 879 sua
934 831 1157 878 causa
1204 813 1529 878 omnlum
1580 806 1904 878 libertati.
1969 813 2049 881 Si
2100 836 2512 886 consensum

391 923 745 989 emercitus
799 919 1127 989 eumdem
1143 971 1164 1005 ,
1213 923 1346 1014 qui
1384 925 1455 988 in
1483 917 1758 1016 prcelio
1779 919 2019 1011 fuerit
2033 975 2056 1007 ,
2110 927 2185 990 in
2236 925 2512 996 tuenda

388 1033 696 1099 victoria
720 1028 999 1116 videat,
1042 1041 1117 1099 et
1137 1026 1447 1098 salutem
1489 1033 1702 1100 unius
1734 1031 2062 1102 omnibus
2088 1056 2282 1104 σανα»
2322 1061 2471 1107 esse
2483 1065 2511 1124 ,-

390 1135 902 1209 inclinaturum
956 1140 1062 1210 ad
1112 1138 1634 1210 clementiorem
1685 1148 2100 1212 sententiam
2156 1150 2507 1217 animum.

390 1253 758 1321 Postremo
789 1275 865 1321 se
890 1255 1120 1321 vitam
1127 1249 1622 1345 fortunasque
1647 1276 1822 1321 suas
1847 1250 2141 1324 illorum
2143 1254 2345 1347 fidei
2365 1261 2511 1327 vir·

388 1366 658 1456 tutique
681 1369 1109 1458 permittere.

480 1475 774 1542 XXXII.
816 1473 1104 1543 Clamor
1141 1496 1182 1543 e
1216 1487 1369 1543 tota
1413 1474 1767 1544 concione
1806 1488 2040 1560 οπως,
2079 1476 2185 1545 uti
2229 1475 2509 1547 bonum

385 1581 703 1651 animum
751 1581 1085 1654 haberet:
1128 1584 1493 1653 neminem
1530 1583 1633 1652 illi
1670 1586 1815 1654 vim
1849 1585 2267 1674 allaturum,
2300 1590 2510 1661 salvis

384 1689 792 1787 legionibus
817 1694 1153 1763 romanis.
1180 1694 1389 1763 Haud
1408 1692 1641 1764 multo
1666 1708 1828 1791 post
1853 1694 2160 1767 dictator
2182 1697 2510 1789 advenit3

384 1801 819 1900 classicoque
853 1803 1220 1899 extemplo
1259 1802 1349 1872 ad
1392 1804 1821 1875 concionem
1859 1805 2251 1877 advocavit.
2287 1813 2509 1899 Tum,

384 1911 669 1984 silentio
716 1911 942 2001 facto,
981 1915 1340 2009 praeco'Q.
1379 1910 1678 1982 Fabium
1721 1917 2141 2011 magistrum
2180 1919 2512 2013 equitum

383 2021 641 2092 citavit.
675 2024 818 2114 Qui
855 2022 1068 2093 simul
1099 2046 1189 2093 ex
1217 2019 1557 2091 inferiore
1591 2022 1755 2093 loco
1793 2024 1881 2092 ad
1925 2022 2244 2095 tribunal
2272 2050 2512 2100 acces-

382 2131 509 2219 sit3
553 2147 709 2204 tum
750 2133 1092 2221 dictator,
1132 2162 1166 2197 «
1203 2137 1501 2223 Quaero,
1542 2132 1821 2227 inquit,
1870 2132 1958 2203 de
2000 2148 2106 2221 te,
2152 2137 2241 2223 Q.
2289 2136 2506 2228 Fabi,

382 2270 416 2306 «
450 2267 682 2339 quum
711 2267 1074 2313 summum
1099 2242 1484 2339 imperium
1509 2239 1876 2312 dictatoris
1906 2243 2032 2331 sit,
2064 2259 2509 2341 pareantque

380 2379 415 2416 α
456 2355 523 2424 ei
553 2354 920 2440 consules,
959 2353 1153 2451 regia
1188 2362 1578 2449 potestas1,
1614 2366 1957 2449 praetores
1991 2352 2243 2424 iisdem
2272 2358 2508 2453 auspi·

379 2491 414 2526 «
452 2463 609 2558 ciis,
632 2461 900 2558 quibus
924 2461 1257 2532 consules
1275 2517 1294 2549 ‚
1322 2463 1579 2548 creati3
1609 2486 1897 2559 aequum
1923 2487 2213 2535 censeas
2242 2490 2504 2556 necne,

378 2598 412 2634 «
449 2569 870 2667 magistrum
905 2570 1235 2665 equitum
1271 2568 1467 2639 dicto
1504 2569 1920 2642 audientem
1951 2575 2149 2644 esse?
2180 2579 2508 2673 Itemque

378 2709 411 2744 (ι
448 2679 627 2750 illud
657 2681 1061 2775 interrog0‚
1099 2701 1329 2774 quum
1372 2702 1488 2749 me
1527 2680 1820 2749 incertis
1851 2684 2228 2778 auspiciis²
2260 2684 2507 2779 profe-

378 2819 413 2854 «
450 2805 647 2861 ctum
681 2788 773 2860 ab
806 2789 1027 2860 domo
1063 2788 1315 2859 scirem
1339 2841 1358 2876 ‚
1389 2801 1636 2857 utrum
1673 2787 1853 2856 mihi
1888 2787 2192 2858 turbatis
2229 2792 2505 2887 religioe

340 2888 345 2893 ’
378 2928 412 2965 α
445 2899 662 2971 nibus
693 2898 1098 2998 respublica
1141 2899 1218 2987 in
1272 2897 1657 2968 discrimen
1693 2897 2209 2968 committenda
2249 2896 2501 2989 fuerit,

378 3042 411 3075 «
452 3037 546 3082 an
586 3015 903 3109 auspicia
930 3007 1358 3109 repetenda,
1395 3034 1487 3079 ne
1526 3006 1700 3105 quid
1731 3006 1973 3079 dubiis
2000 3005 2134 3076 diis
2170 3011 2502 3104 agerem?

377 3141 411 3184 tt
450 3122 675 3193 Simul
721 3121 936 3210 illud,
977 3145 1138 3217 quae
1178 3120 1510 3191 dictatori
1551 3118 1802 3215 religio
1849 3119 2370 3215 impedimento
2411 3121 2503 3190 ad

376 3259 410 3295 ιι
451 3257 607 3303 rem
636 3231 1025 3328 gerendam
1051 3228 1303 3317 fuerit,
1332 3252 1511 3299 num
1542 3253 1627 3299 ea
1658 3229 1998 3325 magister
2032 3229 2362 3324 equitum
2390 3254 2500 3300 so·

374 3368 409 3404 «
450 3340 644 3411 lutus
689 3365 770 3411 ac
805 3338 989 3410 liber
1032 3339 1351 3435 potuerit
1389 3338 1594 3410 esse?
1629 3336 1766 3408 Sed
1811 3336 1985 3434 quid
2026 3362 2160 3434 ego
2201 3338 2350 3409 haec
2387 3340 2500 3409 in-

374 3478 408 3514 «
449 3451 784 3548 tei-rogo?
825 3473 1088 3546 quum,
1127 3450 1185 3519 si
1228 3472 1361 3545 ego
1406 3450 1663 3519 tacitus
1704 3446 2048 3531 abissem,
2088 3463 2330 3520 tamen
2367 3449 2500 3520 tibi

373 3589 406 3623 c<
450 3560 540 3631 ad
579 3560 970 3632 voluntatis
1016 3559 1688 3656 interpretationem
1735 3583 1911 3628 meae
1957 3557 2331 3655 dirigenda
2376 3572 2501 3628 tua

369 3698 404 3734 ε(
447 3672 804 3740 sententia
862 3668 1103 3741 fuerit.
1172 3670 1370 3757 Quin
1424 3683 1509 3738 tu
1557 3667 1993 3765 responde5‚
2048 3669 2497 3740 vetuerimne

441 3867 486 3914 8.
536 3868 749 3916 Proinde
803 3868 1048 3917 adessent.
1062 3904 1076 3918 .
1089 3902 1102 3915 .
1117 3867 1356 3916 .libereae1'
1365 3902 1383 3925 ,
1548 3882 1598 3914 2.
1628 3865 1832 3912 Incertis
1857 3864 2109 3929 auspiciis·-
2178 3866 2399 3931 auspicia
2421 3884 2497 3915 re-

372 3947 539 3995 confer
564 3948 627 3995 ad
652 3948 728 3993 111
742 3981 756 4005 ,
784 3955 869 4005 14,
894 3964 943 3994 n.
972 3948 1025 3995 6.
1466 3945 1709 4012 petenda,
1741 3944 1855 3992 vide
1880 3944 1942 3991 ad
1967 3960 2073 4008 cap.
2104 3945 2169 3993 30
2194 3962 2270 4010 pr.
2298 3974 2368 3984 —
2396 3950 2496 3995 Du-

442 4028 561 4075 Cn.
586 4027 812 4080 xxxn.
858 4041 899 4073 1.
949 4026 1174 4074 Consules
1187 4061 1205 4085 ‚
1252 4024 1390 4092 regia
1476 4024 1565 4071 biis
1605 4022 1697 4069 diis
1715 4057 1731 4078 ,
1781 4022 1929 4070 dubia
1966 4037 2136 4071 eorum
2154 4024 2422 4074 'voluntate
2446 4035 2495 4073 et

370 4105 469 4154 sere
478 4116 722 4172 potestas,
754 4104 904 4155 modo
931 4120 1110 4154 annua.
1475 4100 1833 4151 benevolentia.

611 4189 714 4254 II.
2067 4181 2153 4252 32
