3000 4717
490 320 541 358 A.
570 317 617 357 C.
644 318 734 358 381.

491 376 547 418 U.
567 382 613 422 C.
642 379 734 432 371.

896 343 1218 411 LIBER
1282 347 1414 414 vl.
1482 351 1702 419 CAP.
1769 354 2107 423 xvm.
2408 367 2546 460 273

436 458 528 530 ab
558 459 893 535 sanandis
921 464 1330 537 domesticis
1359 469 1578 541 malis.
1613 473 1875 571 Igitur,
1905 499 2134 570 quum
2160 505 2325 578 pars
2357 499 2545 558 utra-

432 594 578 667 que
607 574 836 644 acrio‘r
864 576 1237 673 aliquanto
1260 592 1508 651 coorta
1536 597 1749 672 esset,
1779 584 1853 652 in
1883 589 2380 688 propinquum
2404 623 2547 670 cer-
2604 676 2610 682 ,

428 693 671 753 tamen
696 683 940 757 aderat
959 700 1033 758 et
1052 688 1383 758 Manlius.
1413 689 1776 763 Advocata
1794 693 2094 766 domum
2110 700 2356 796 plebe,
2379 732 2545 778 cum

425 790 877 889 principibus
941 800 1436 871 novandarum
1493 827 1737 874 rerum
1788 806 2110 906 interdiu
2175 829 2545 913 noctuque

428 902 724 973 consilia
761 906 1008 1003 agitat,
1051 909 1334 1007 plenior
1368 912 1742 1009 aliquanto
1784 915 2193 989 animorum
2236 923 2544 995 irarum·-

426 1035 570 1106 que
587 1069 606 1099 ‚
650 1037 868 1109 quam
905 1032 1116 1091 antea
1150 1019 1405 1093 fuerat.
1460 1026 1649 1093 Iram
1695 1024 2120 1098 accenderat
2152 1030 2543 1127 ignominia

422 1144 675 1193 recens
697 1126 776 1194 in
799 1129 1042 1200 animo
1075 1130 1163 1201 ad
1194 1133 1704 1204 contumeliam
1728 1134 2109 1231 inexperto
2131 1149 2159 1180 ²
2190 1167 2205 1209 ε
2250 1144 2562 1240 spiritus

423 1228 674 1323 dabat,
706 1237 1060 1332 quod-nec
1078 1265 1293 1337 ausus
1322 1256 1509 1313 esset
1540 1243 1735 1314 idem
1762 1244 1840 1313 in
1860 1268 1937 1315 se
1959 1245 2268 1321 dictator
2285 1306 2306 1340 ,
2339 1256 2542 1350 quod

419 1341 495 1412 in
526 1347 645 1444 Sp.
670 1348 905 1418 Maelio
935 1351 1405 1423 Cincinnatus
1438 1354 1779 1443 Quintius
1826 1351 2140 1445 fecisset3
2187 1375 2259 1430 et
2296 1364 2539 1436 vincu-

419 1449 657 1530 lorum
688 1479 985 1529 suorum
1009 1460 1353 1531 invidiam
1384 1486 1536 1532 non
1566 1462 1871 1534 dictator
1882 1466 2115 1538 „modo
2136 1468 2541 1547 abdicando

415 1559 847 1636 dictaturam
877 1565 1172 1666 fugisset
1189 1625 1208 1659 ‚
1248 1572 1376 1643 sed
1411 1597 1505 1641 ne
1536 1583 1823 1644 senatus
1857 1575 2153 1672 quidem
2180 1586 2537 1659 sustinere

415 1674 789 1767 potuisset.
835 1680 958 1748 His
1000 1681 1213 1751 simul
1253 1681 1544 1753 inflatus
1577 1684 2186 1787 exacerbatusque
2215 1693 2364 1787 jam
2405 1722 2536 1794 per

413 1803 491 1852 se
521 1807 858 1857 accensos
887 1790 1228 1866 incitabat
1256 1792 1492 1891 plebis
1522 1796 1799 1866 animos
1836 1825 1852 1866 ε
1885 1827 1920 1862 «
1944 1802 2343 1901 Quousque
2370 1821 2531 1878 tan-

412 1921 446 1955 «
483 1894 649 1964 dem
687 1897 1105 1993 ignorabitis
1142 1904 1329 1975 vires
1364 1917 1672 1994 vestras,
1730 1931 1910 2003 quas
1949 1919 2208 1983 natura
2245 1939 2338 1986 ne
2373 1914 2533 1987 bel-

405 2033 443 2071 «
485 2007 640 2079 luas
662 2011 959 2107 quidem
982 2016 1312 2112 ignorare
1331 2016 1607 2087 voluit?
1632 2034 2008 2092 numerate
2032 2022 2283 2094 saltem
2298 2080 2317 2112 ‚
2349 2042 2530 2122 quot

406 2146 441 2181 κ
480 2118 618 2215 ipsi
641 2122 824 2212 sitis,
855 2140 1037 2221 quot
1065 2125 1509 2198 adversarios
1535 2126 1878 2200 habeatis.
1902 2132 1974 2201 Si
1999 2132 2264 2230 singuli
2287 2137 2529 2233 singu-

399 2257 437 2291 «
479 2229 588 2300 los
633 2238 1034 2333 aggressuri
1077 2239 1358 2327 essetis,
1413 2251 1658 2308 tamen
1712 2241 1944 2311 acrius
1982 2243 2352 2315 crederem
2397 2273 2527 2320 vos

402 2367 440 2401 «
485 2364 618 2433 pro
659 2342 1022 2435 libertate,
1077 2371 1300 2444 quam
1343 2348 1507 2419 illos
1548 2371 1683 2445 pro
1725 2349 2248 2442 dominatione,
2299 2373 2524 2429 certa-

403 2477 440 2511 «
477 2444 705 2520 turos.
764 2456 960 2543 Quot
1018 2458 1212 2526 enim
1276 2458 1574 2530 clientes
1607 2455 1635 2501 ³
1693 2460 1880 2531 circa
1928 2463 2246 2562 singulos
2290 2465 2521 2540 fuistis

401 2585 436 2620 «
477 2573 823 2655 patronos
844 2617 863 2650 ‚
904 2579 1013 2634 tot
1055 2591 1253 2637 nunc
1290 2567 1630 2639 adversus
1652 2595 1903 2660 ‚unum
1940 2569 2225 2660 hostem
2264 2580 2459 2651 eritis
2502 2609 2517 2649 ε

395 2697 435 2732 τι
472 2670 832 2743 ostendite
870 2674 1092 2745 modo
1136 2674 1451 2766 bellum;
1487 2699 1741 2775 pacem
1776 2680 2132 2776 habebitis
2167 2713 2182 2754 ε
2229 2689 2521 2761 videant

394 2775 600 2852 ‹t'vos
634 2797 921 2880 paratos
959 2781 1048 2854 ad
1083 2786 1264 2872 vim3
1310 2787 1428 2881 jus
1464 2789 1599 2885 ipsi
1634 2789 2006 2888 remittent
2042 2819 2057 2859 ε
2099 2793 2516 2890 audendum

390 2919 427 2956 α
469 2908 574 2964 est
617 2893 888 2993 aliquid
931 2897 1317 2984 universiS‚
1364 2912 1487 2968 aut
1518 2898 1783 2969 omnia
1822 2900 2115 2995 singulis
2151 2905 2511 2999 patienda.

393 3102 515 3136 esset
525 3089 573 3137 in
578 3108 721 3155 prop.
740 3106 981 3142 certamen
999 3111 1020 3151 ,·
1037 3093 1255 3141 Manlius
1268 3127 1284 3149 ,
1312 3102 1404 3140 etc.
1494 3094 1565 3151 11,
1581 3107 1639 3140 ω
1649 3094 1676 3140 3
1693 3109 1794 3157 seq.
1811 3092 2094 3144 adumbrata
2107 3098 2312 3161 putabat
2322 3102 2510 3152 Victor,

464 3179 512 3223 a,
532 3171 711 3218 Animo
727 3174 802 3219 ad
820 3174 1159 3221 contumeliam
1183 3172 1406 3234 inexper-
1491 3185 1592 3219 var.
1614 3172 1749 3220 lectt.
1773 3173 1916 3230 XIV,
1942 3181 1989 3228 4.

394 3257 470 3303 to,
498 3259 555 3295 ut
578 3250 711 3296 rudis
736 3252 811 3297 ad
830 3252 1023 3315 aliquid
1030 3270 1051 3308 ,·
1075 3252 1226 3299 Drak.
1251 3251 1330 3299 Sic
1354 3262 1405 3298 et

391 3325 475 3373 vir
494 3325 567 3374 ad
595 3339 772 3375 coetera
798 3330 1011 3394 egregius
1044 3328 1319 3388 XXXVII,
1353 3345 1399 3389 7.

391 3405 575 3453 Confer
595 3405 658 3453 ad
673 3408 771 3466 IX,
806 3409 893 3464 16,
918 3424 969 3454 n.
990 3423 1038 3469 9.
1056 3434 1126 3443 -
1146 3407 1403 3471 Quousque

386 3484 586 3531 tandem
609 3484 921 3550 ignorabitis,-
941 3501 1045 3533 vox
1070 3486 1265 3532 tandem
1284 3484 1403 3533 defl-

385 3562 548 3611 ciebat
560 3565 613 3611 in
632 3575 868 3613 contextu
885 3567 1076 3628 Fragm.
1100 3566 1224 3612 Hav.
1244 3564 1404 3612 sedin

389 3642 604 3705 margine
629 3643 794 3691 addita
813 3643 1115 3707 conspicitur
1138 3657 1151 3690 :
1179 3654 1228 3690 et
1246 3653 1401 3702 recte3

383 3732 605 3784 superest
629 3723 758 3769 enim
782 3722 834 3769 in
860 3721 1060 3785 reliquis
1078 3720 1330 3780 omnibus,
1354 3731 1403 3769 et

385 3798 641 3863 singularis
660 3801 802 3848 etiam
824 3812 895 3849 est
917 3800 1180 3865 elegantiae.
1203 3799 1298 3849 Hic
1314 3817 1400 3848 ne·-

384 3878 507 3925 mini
528 3895 630 3926 non
642 3880 879 3928 succurrit
893 3880 1112 3927 vividum
1121 3879 1244 3926 illud
1252 3879 1402 3927 Tullii

1564 3252 1612 3299 3.
1643 3253 1772 3314 Quot
1787 3251 1914 3299 enim
1930 3253 2149 3310 clientes,
2175 3267 2267 3304 etc.
2292 3280 2317 3299 α
2334 3276 2437 3308 non
2453 3273 2513 3312 ut

1490 3345 1632 3377 eausa
1653 3331 1913 3393 subjicitur
1920 3331 2154 3395 proximo
2175 3351 2193 3380 .·
2210 3351 2358 3398 quare
2384 3341 2511 3389 enim

1489 3423 1582 3473 pro
1594 3443 1609 3467 ,
1627 3423 1759 3459 nunc
1778 3427 1895 3461 vero
1909 3444 1925 3469 ‚
1950 3421 2000 3458 at
2024 3427 2171 3459 nune.
2191 3414 2316 3463 Mox
2322 3417 2406 3480 jus
2420 3419 2513 3483 {osi

1489 3488 1752 3545 remittent,
1797 3490 1893 3537 hoc
1931 3500 2007 3538 eet
2035 3507 2121 3540 sua
2162 3504 2362 3557 sponte,
2407 3513 2510 3545 non

1490 3568 1674 3625 coacti,
1714 3569 1818 3614 sine
1847 3570 2109 3617 certamine
2128 3594 2153 3613 n
2177 3588 2193 3631 ;
2232 3575 2400 3621 Bauer.
2441 3603 2510 3612 —-

1494 3645 1741 3692 Ostendite
1767 3646 1911 3694 modo
1940 3648 2113 3695 bellum
2127 3684 2142 3707 ,
2192 3651 2307 3698 vide
2330 3651 2393 3699 ad
2421 3656 2508 3714 IV,

1492 3721 1586 3784 59,
1608 3739 1658 3770 n.
1683 3740 1732 3772 2.
1754 3751 1822 3760 --
1863 3727 1949 3771 Ius
1974 3726 2069 3790 ipsi
2100 3729 2364 3788 remittent,
2404 3748 2506 3781 non

1488 3816 1656 3858 suum,
1695 3817 1789 3849 nec
1815 3814 1871 3850 ut
1901 3803 1963 3851 de
1989 3820 2079 3851 suo
2099 3808 2209 3866 jure
2235 3808 2503 3873 decedant3

1487 3895 1592 3927 non
1610 3865 1740 3928 enim
1758 3880 1916 3927 videri
1937 3882 2044 3929 vult
2066 3886 2311 3947 postulare
2328 3927 2344 3949 ,
2370 3892 2505 3954 quod

382 3957 436 4003 in
444 3955 700 4006 catilinam
720 3959 974 4006 exordium
987 3973 1006 4007 τ
1027 3973 1274 4023 quousque
1295 3970 1401 4005 tan·
1463 3959 1591 4019 ‚iure
1613 3969 1814 4023 negent3
1833 3960 1919 4007 sed
1938 3961 2078 4009 vobis
2095 3965 2363 4027 remittent,
2384 3975 2501 4018 edn-

381 4035 493 4082 dem
519 4036 741 4094 abutere,
774 4049 865 4086 etc.
904 4040 994 4084 En.
1031 4061 1102 4073 -
1135 4038 1400 4084 Numerate

1486 4037 1686 4098 cedent,
1732 4039 1868 4103 quod
1895 4040 2005 4100 jure
2039 4044 2327 4105 postuletis,
2364 4051 2500 4112 quod

381 4113 823 4165 sciltern...habeatis
835 4152 851 4175 ‚
872 4117 977 4166 haec
995 4133 1057 4166 ex
1072 4107 1218 4165 Hom.
1257 4116 1396 4165 Iliad.
1483 4116 1581 4181 ipsi
1590 4117 1753 4167 adhuc
1762 4119 1899 4167 velut
1902 4120 2014 4179 jure
2027 4132 2310 4187 tenuerunt3
2330 4129 2505 4174 Bauer.-

622 4207 723 4271 II.

2076 4208 2157 4277 18
