3000 4717
2333 406 2382 441 Α.
2411 402 2459 440 C.
2491 404 2594 449 346.

516 422 655 495 386
1365 430 1441 493 T.
1511 428 1787 495 LlVII
2224 501 2237 514 l
2331 464 2594 512 uuna.

515 551 624 621 hae
643 550 827 620 vires
847 548 1104 646 populi
1118 549 1403 618 romani
1418 602 1438 636 ,
1461 571 1641 645 quas
1664 547 1782 617 vix
1807 560 2161 617 terrarum
2189 546 2381 643 capit
2401 545 2605 616 orbis
2623 600 2644 634 ‚

514 668 899 733 contractae
930 659 1008 728 in
1026 681 1257 754 unum
1288 656 1482 727 haud
1520 655 1723 728 facile
1749 653 2098 726 efficiant:
2135 651 2316 723 adeo
2334 707 2353 740 ,
2375 654 2451 724 in
2472 679 2646 749 quae

514 769 926 841 laboramus
956 768 1141 856 sola,
1168 769 1558 854 crevimus,
1579 765 1859 836 divitias
1889 764 2412 859 luxuriamque.
2437 769 2648 834 Inter

515 893 770 952 caetera
799 879 1022 949 tristia
1054 877 1209 971 ejus
1233 877 1454 972 panni,
1493 875 1749 946 consul
1791 859 1971 946 alter
2009 876 2141 971 Ap.
2176 873 2521 944 Claudius
2560 875 2645 942 in

513 992 675 1090 ipso
702 987 876 1060 belli
912 1001 1262 1085 apparatu
1294 987 1605 1056 moritur
1636 1011 1652 1054 z
1690 985 2204 1080 redierantque
2241 1009 2355 1054 res
2382 981 2471 1053 ad
2503 985 2643 1052 Ca-

517 1099 839 1186 mil-lum‘3
867 1099 982 1169 cui
1017 1097 1236 1167 unico
1274 1094 1596 1183 consuli,
1632 1095 1746 1165 vel
1780 1093 1878 1164 ob
1908 1093 2119 1164 aliam
2144 1093 2647 1189 dignationem

515 1207 712 1281 haud
748 1204 1269 1302 subjiciendam
1310 1203 1714 1294 dictaturae,
1747 1204 1864 1274 vel
1900 1202 2001 1273 ob
2055 1228 2271 1273 omen
2323 1201 2643 1272 faustum

516 1320 608 1391 ad
628 1318 965 1444 gallicum
989 1311 1429 1388 tumultum6
1460 1314 1910 1411 cognominis
1928 1367 1947 1401 ,
1987 1311 2409 1383 dictatorem
2428 1309 2645 1379 adro-

518 1431 668 1529 gari
707 1426 904 1498 haud
936 1427 1102 1497 satis
1146 1424 1492 1496 decorum
1530 1426 1760 1495 visum
1796 1438 1902 1495 est
1937 1421 2286 1493 Patribus.
2331 1420 2642 1507 Consul,

518 1537 798 1610 duabus
823 1534 1231 1634 legionibus
1244 1534 1426 1606 Urbi
1439 1535 1866 1633 praepositiS,
1883 1547 2048 1604 octo
2069 1558 2233 1604 cum
2252 1536 2332 1600 L.
2354 1531 2642 1601 Pinario

518 1662 822 1746 praetore
851 1645 1095 1717 divisis
1116 1701 1134 1734 ‚
1152 1670 1431 1717 memor
1458 1661 1770 1744 paternae
1799 1646 2082 1715 virtutis
2099 1698 2117 1731 ,
2143 1643 2477 1741 gallicum
2500 1640 2643 1711 sibi

520 1757 797 1829 bellum
846 1769 1047 1826 extra
1092 1770 1361 1827 sortem
1415 1757 1631 1826 sumit
1655 1766 1680 1809 7
1712 1782 1727 1825 ε
1780 1769 2160 1852 praetorem
2211 1753 2642 1822 maritimam

522 1892 719 1940 oram
736 1867 959 1937 tutari
975 1870 1412 1964 Graecosque
1430 1863 1672 1937 arcere
1687 1861 2016 1937 litoribus
2029 1866 2272 1961 jussit;
2289 1879 2385 1953 et,
2413 1886 2641 1960 quum

527 1981 605 2049 in
628 2000 880 2076 agrum
895 1978 1359 2073 pomptinum
1375 1974 1858 2047 descendisset
1865 1977 2075 2072 (quia
2099 1998 2358 2070 neque
2368 1975 2444 2043 in
2464 1996 2642 2042 cam·

524 2089 638 2187 pis
671 2085 1015 2183 congredi
1047 2086 1246 2158 nulla
1274 2099 1578 2184 cogente
1613 2110 1694 2155 re
1731 2084 2055 2168 volebat,
2085 2097 2156 2155 et
2182 2081 2640 2181 prohibendo

524 2194 1115 2296 populationibus
1132 2250 1151 2284 ,
1192 2219 1379 2292 quos
1410 2210 1619 2292 rapto
1648 2197 1885 2270 vivere
1913 2157 2291 2265 necessitas
2321 2206 2644 2291 cogeret,

525 2310 693 2380 satis
726 2306 1006 2377 domari
1039 2304 1376 2376 credebat
1408 2305 1689 2376 hostem
1706 2305 1733 2401 )
1751 2358 1770 2393 ,
1803 2306 2041 2376 locum
2078 2304 2425 2378 idoneum
2460 2302 2645 2373 stati·

527 2418 632 2486 vis
673 2414 958 2510 delegit.

620 2530 875 2597 XXVI.
918 2524 1065 2596 Ubi
1106 2550 1335 2622 quum
1388 2527 1818 2600 stationibus
1857 2531 2084 2626 quieti
2125 2544 2412 2626 tempus
2454 2543 2646 2598 tere-

532 2650 738 2726 rent,
777 2635 1028 2727 Gallus
1071 2638 1454 2734 processit,
1495 2640 1989 2737 magnitudine
2025 2654 2244 2736 atque
2281 2639 2490 2709 armis
2529 2638 2646 2705 in-

531 2750 789 2847 signis3
833 2748 1314 2845 quatiensque
1365 2764 1651 2820 scutum
1696 2751 1937 2821 hasta¹
1963 2804 1982 2837 ,
2018 2775 2245 2846 quum
2283 2747 2649 2820 silentium

535 2857 848 2946 fecisset,
877 2871 1224 2955 provocat
1248 2881 1380 2953 per
1402 2860 1874 2957 interpretem
1897 2883 2125 2930 unum
2156 2884 2244 2929 ex
2271 2857 2613 2928 Romanis
2629 2909 2647 2942 ,

533 3062 707 3131 armari
727 3075 899 3125 poue,
926 3070 1161 3123 quantum
1183 3070 1301 3108 tunc
1325 3061 1550 3109 consules
1637 3077 1832 3125 quoque
1857 3062 2164 3110 orationibus
2187 3062 2448 3126 insignitur
2471 3076 2486 3108 ε
2514 3060 2652 3123 quod

517 3140 699 3187 *subito
727 3139 980 3203 scripsere.
1000 3139 1091 3185 En.
1122 3164 1192 3173 -—
1220 3138 1361 3184 Adeo
1388 3138 1444 3185 in
1468 3154 1548 3198 ea,
1630 3141 1732 3201 jam
1751 3141 1947 3188 monuit
1966 3143 2188 3190 Perizon.
2211 3142 2374 3188 Anim.
2394 3140 2508 3187 hist.
2527 3154 2568 3185 c.
2589 3154 2620 3185 2
2635 3172 2651 3195 ,

534 3217 585 3263 in
612 3233 723 3280 quoe
746 3217 856 3264 sola
876 3231 1091 3263 crescere
1113 3215 1417 3273 laboramus,
1448 3232 1550 3263 cre-
1636 3234 1710 3282 pr.
1737 3245 1807 3254 —
1838 3220 2117 3285 Adrogari,
2154 3220 2298 3278 addi,
2333 3217 2559 3280 adjungi,
2592 3226 2651 3262 nt

538 3294 711 3353 vimus,
741 3296 795 3341 in
817 3294 879 3341 iis
903 3294 1199 3341 incrementa
1230 3294 1445 3342 fecimus.
1473 3295 1549 3343 Cf.
1638 3296 1850 3360 apponi,
1887 3302 1963 3357 11,
1999 3302 2077 3347 18.
2109 3298 2296 3347 Eodem
2326 3294 2652 3363 modofidem

539 3373 603 3421 ad
629 3376 733 3432 111,
760 3388 855 3431 ao,
880 3388 931 3419 n.
959 3374 1011 3419 6.
1639 3376 1904 3439 abrogare,
1931 3388 1979 3424 et
1996 3393 2129 3441 supr.
2153 3393 2195 3425 c.
2222 3380 2280 3436 6,
2306 3376 2651 3439 derogat-epto

610 3452 660 3501 6.
699 3452 771 3498 Ob
799 3450 952 3498 omen'
959 3447 1186 3513 faustum
1220 3449 1293 3496 ad
1318 3450 1553 3514 gallicum

540 3531 793 3579 tumultum
822 3526 964 3595 (vide
989 3526 1054 3573 ad
1080 3529 1158 3585 11,
1183 3529 1277 3586 26,
1303 3544 1353 3574 n.
1376 3528 1425 3592 ι)
1442 3562 1459 3587 ,
1479 3546 1556 3575 eo-

533 3589 778 3675 gnominis'
787 3642 803 3665 ,
830 3604 1020 3672 paterni
1036 3638 1050 3663 ,
1075 3605 1178 3653 scil.
1202 3605 1396 3653 Camilli
1407 3624 1425 3653 .·
1443 3624 1555 3655 nam

538 3699 702 3753 pater,
728 3687 815 3750 qui
851 3684 1021 3734 Gallos
1057 3695 1199 3732 antea
1227 3685 1476 3733 devicerat
1506 3698 1555 3735 ct

540 3768 784 3816 deleverat
798 3800 813 3824 ,
838 3764 971 3812 solus
988 3773 1037 3810 et
1055 3764 1182 3811 forte
1203 3764 1347 3812 etiam
1367 3765 1553 3829 primus

541 3846 752 3910 proprio,
778 3842 1069 3907 cognomine
1094 3856 1239 3907 atque
1268 3845 1555 3907 simpliciter

540 3923 873 3986 appellabatur
904 3921 1130 3969 Camillus
1142 3955 1159 3977 ,
1195 3934 1245 3970 at
1287 3922 1425 3969 Furii
1463 3938 1554 3970 no-

539 4014 654 4045 men
681 4016 797 4046 cum
834 4000 971 4046 Fusis
988 4033 1004 4057 ‚
1032 4000 1343 4059 Medullinis,
1381 4001 1555 4048 Facilis

541 4073 743 4136 aliisque
763 4075 974 4122 habebat
995 4092 1276 4136 commune3
1300 4078 1431 4126 unde
1455 4080 1553 4128 hoc

537 4152 831 4213 cognomine
854 4166 883 4197 a
915 4152 1054 4208 Livio
1090 4155 1251 4202 ubivis
1284 4166 1333 4202 et
1356 4157 1409 4204 in
1431 4157 1553 4220 ipsis

1641 3453 1857 3513 demere,
1883 3456 2121 3512 minuere,
2149 3455 2356 3516 dicitur;
2379 3452 2525 3500 Drak.

1714 3545 1760 3592 17.
1795 3533 2037 3580 Gallicam
2062 3533 2156 3580 sibi
2186 3533 2360 3581 bellum
2384 3543 2525 3579 exem
2547 3546 2651 3577 sor-

1643 3622 1737 3657 tem
1756 3612 1925 3669 sumit,
1956 3627 2058 3658 non
2081 3612 2283 3659 sortitus
2307 3627 2419 3659 cum
2444 3610 2652 3671 collega,

1643 3689 1729 3751 qui
1759 3701 1979 3738 mortuus
2015 3701 2143 3747 erat,
2173 3690 2253 3737 vel
2285 3706 2395 3737 cum
2431 3698 2653 3752 pretore.

1642 3768 1788 3816 Conf.
1828 3768 1891 3815 ad
1924 3772 2028 3826 111,
2058 3785 2116 3826 2,
2151 3784 2200 3816 n.
2229 3783 2274 3816 1.
2303 3770 2454 3813 —In
2481 3781 2654 3830 agrum

1632 3847 1965 3909 pomptinum,
1997 3848 2126 3894 conf.
2153 3846 2279 3895 Gell.
2301 3849 2404 3905 IX,
2437 3861 2515 3892 11.

1674 3943 1681 3950 “
1713 3925 1832 3973 ΟΜ».
1874 3927 2065 3973 XXVI.
2104 3941 2149 3973 1.
2200 3926 2432 3987 Quatiens
2470 3933 2657 3971 scutum

1642 4001 1814 4061 hasta,
1845 4003 1957 4051 vide
1982 4004 2047 4052 ad
2071 4020 2177 4068 cap.
2199 4021 2286 4064 ιο,
2315 4022 2365 4052 n.
2394 4012 2451 4061 4,
2479 4001 2564 4049 ubi
2586 4001 2656 4047 si-

1602 4092 1609 4096 ·
1642 4082 1756 4129 mile
1773 4092 2014 4130 certamen
2035 4085 2089 4132 T.
2103 4083 2285 4130 Manlii
2295 4081 2528 4144 Torquati
2545 4093 2660 4125 cum

1645 4158 1785 4208 Gallo
1818 4171 2124 4210 memoratur.
2153 4187 2223 4197 —-
2245 4160 2429 4208 Gellius
2455 4159 2562 4215 IX,
2589 4172 2614 4203 1
2631 4172 2656 4203 t
