3000 4717
478 363 607 408 112
844 310 848 319 ’
1322 342 1401 406 T.
1464 340 1746 409 L1v11
2169 320 2548 438 38:32213231

575 467 759 534 LIX.
804 463 1104 533 Interim
1145 459 1478 533 tribunos
1513 452 1826 532 r'nilitum
1866 462 1944 531 in
1986 462 2310 535 volscum
2350 490 2604 562 agrum

464 573 730 645 ducere
777 573 1169 644 exercitum
1206 571 1497 668 placuit.
1537 577 1669 643 Cn.
1715 572 2095 645 Cornelius
2137 594 2330 646 unus
2358 581 2602 647 Romae

464 682 778 755 relictus
859 688 1032 754 Tres
1085 681 1408 771 tribuni,
1461 681 1848 779 postquam
1906 682 2112 755 nullo
2159 686 2322 758 loco
2375 701 2603 759 castra

465 794 893 866 Volscorum
946 816 1097 863 esse
1117 846 1137 877 ,
1183 816 1320 862 nec
1385 793 1892 865 commissuros
1946 818 2022 864 se
2080 795 2330 891 praelio
2388 820 2601 893 appa·

465 906 610 974 ruit
630 959 649 992 ,
689 904 1048 1000 tripartito
1103 901 1195 972 ad
1243 902 1717 973 devastandos
1763 902 1944 974 fines
1991 903 2412 976 discessere:
2468 910 2600 976 Va·
2666 958 2675 965 -

466 1016 683 1086 lerius
734 1013 1030 1085 Antium
1079 1014 1298 1110 petit,
1344 1013 1724 1084 Cornelius
1774 1017 2103 1086 Ecetras:
2139 1038 2602 1111 quacumque

462 1130 818 1200 incessere
838 1181 858 1215 ,
886 1125 1029 1195 late
1061 1123 1389 1222 populati
1418 1136 1589 1194 sunt
1619 1137 1808 1194 tecta
1836 1147 2226 1220 agrosque,
2255 1138 2339 1195 ut
2362 1136 2383 1167 ¹
2411 1126 2603 1197 disti-

466 1253 727 1312 nerent
763 1236 1105 1309 Volscos:
1142 1222 1439 1325 Fabius,
1473 1233 1678 1331 quod
1714 1236 2019 1305 maxime
2058 1232 2473 1331 petebatur,
2512 1237 2602 1309 ad

466 1356 720 1425 Anxur
762 1346 1336 1446 oppugnandum
1383 1347 1537 1417 sine
1582 1344 1730 1416 ulla
1766 1345 2240 1443 populatione
2284 1350 2598 1419 accessit.

467 1465 721 1533 Anxur
742 1471 770 1501 ²
803 1457 938 1529 fuit
961 1514 980 1547 ,
1010 1484 1170 1556 quae
1215 1483 1413 1530 nunc
1463 1457 1860 1529 Tarracinae
1909 1472 2115 1546 sunt;
2154 1459 2328 1530 urbs
2372 1485 2602 1558 prona

469 1571 545 1640 in
574 1567 912 1665 paludes:
944 1566 1034 1636 ab
1063 1592 1146 1637 ea
1177 1582 1380 1663 parte
1413 1566 1675 1657 Fabius
1712 1569 2330 1666 oppugnationem
2357 1586 2600 1642 osten-

467 1678 596 1750 dit.
657 1678 1178 1747 Circummissae
1224 1691 1539 1773 quatuor
1586 1678 1924 1750 cohortes
1973 1702 2139 1750 cum
2184 1684 2262 1750 C.
2305 1680 2600 1750 Servilio

470 1787 734 1876 Ahala,
775 1811 1004 1884 quum
1041 1788 1541 1859 imminentem
1570 1787 1738 1859 urbi
1774 1788 2036 1860 collem
2072 1792 2425 1887 cepissent
2449 1845 2468 1877 ,
2512 1815 2600 1860 ex

467 1898 632 1968 loco
669 1896 923 1967 altiore
942 1951 961 1987 ,
995 1922 1140 1993 qua
1171 1897 1458 1968 nullum
1490 1912 1641 1968 erat
1668 1898 2078 1995 praesidium
2097 1955 2115 1987 ,
2152 1903 2428 1998 ingenti
2458 1900 2599 1971 cla·
2658 1912 2668 1925 ”

469 2034 672 2080 more
702 2033 785 2081 ac
811 2009 1132 2079 tumultu
1158 2010 1429 2080 moenia
1454 2009 1778 2081 invasere
1803 2037 1816 2078 ε
1843 2011 1930 2081 ad
1963 2035 2182 2107 quem
2210 2012 2603 2082 tumultum

469 2119 981 2218 obstupefacti,
1001 2121 1130 2216 qui
1157 2119 1493 2193 adversus
1512 2119 1811 2190 Fabium
1831 2121 2089 2192 urbem
2108 2120 2429 2191 infimam
2447 2137 2600 2192 tue-

385 2244 400 2259 ·
468 2229 768 2318 bantur,
805 2230 1047 2301 locum
1074 2229 1337 2301 dedere
1365 2228 1585 2300 scalas
1613 2229 2075 2320 admovendi3
2100 2231 2459 2329 plenaque
2477 2232 2602 2302 ho·

470 2341 687 2410 stium
722 2354 981 2410 cuncta
1016 2353 1256 2424 erant,
1291 2354 1362 2411 et
1396 2341 1689 2411 immitis
1727 2337 1896 2411 diu3
1924 2340 2149 2412 caedes
2178 2343 2445 2439 pariter
2482 2340 2599 2412 fu-

468 2451 820 2545 gientium
844 2473 925 2519 ac
952 2450 1436 2521 resistentium
1452 2506 1471 2539 ,
1498 2466 1940 2521 armatorum
1964 2466 2182 2547 atque
2215 2453 2601 2523 inermium

468 2557 625 2630 fuit.
687 2558 1152 2656 Cogebantur
1197 2561 1442 2658 itaque
1489 2562 1659 2632 victi
1681 2616 1700 2650 ,
1742 2561 1914 2657 quia
1967 2561 2392 2634 cedentibus
2451 2563 2605 2659 spei

381 2715 387 2719 -
470 2668 651 2740 nihil
701 2683 889 2759 erat,
941 2694 1259 2768 pugnam
1302 2672 1483 2743 inire
1523 2699 1539 2740 ε
1593 2696 1820 2769 quum
1871 2675 2425 2768 pronuntiatum
2481 2696 2594 2741 re-

469 2794 724 2877 pente,
767 2804 859 2850 ne
910 2782 1072 2878 quis
1119 2797 1382 2879 praeter
1423 2798 1735 2853 armatos
1778 2783 2207 2869 violaretur,
2248 2783 2602 2876 reliquam

468 2917 764 2965 omnem
800 2893 1345 2966 multitudinem
1378 2895 1863 2966 voluntariam
1895 2895 2092 2964 exuit
2122 2893 2334 2961 annis
2368 2917 2383 2959 :
2426 2913 2603 2985 quo-

466 3027 632 3074 rum
682 3004 825 3076 adl*
861 3004 1010 3076 duo
1058 3006 1278 3077 millia
1329 3019 1399 3077 et
1449 3004 1831 3101 quingenti
1883 3004 2028 3072 vivi
2081 3002 2464 3097 capiuntur
2495 3014 2528 3068 ε·
2561 3026 2603 3070 a

466 3129 720 3185 caetera
752 3117 995 3212 praeda
1018 3117 1278 3186 Fabius
1311 3114 1614 3186 militem
1646 3112 2024 3198 abstinuit,
2055 3107 2287 3181 donec
2314 3109 2600 3209 collegae

468 3309 542 3355 111
558 3342 573 3366 ,
608 3305 670 3352 15
686 3340 700 3365 ,
726 3322 778 3353 n.
800 3305 892 3369 5),
917 3316 974 3353 ut
993 3320 1123 3351 nova
1147 3305 1227 3350 lex
1254 3303 1332 3349 vel
1351 3318 1493 3366 roga·
1583 3302 1764 3350 Confer
1782 3300 1845 3348 ad
1860 3303 2055 3359 XXIV,
2069 3309 2136 3357 44
2152 3336 2166 3360 ,
2188 3318 2238 3348 n.
2254 3303 2286 3349 6
2300 3337 2314 3361 ,
2335 3302 2399 3349 ad
2413 3303 2497 3351 Sil.
2511 3304 2599 3364 IV,

469 3387 535 3434 tio
562 3384 584 3451 (
597 3400 705 3448 quae
723 3398 869 3431 voces
888 3382 1138 3445 quomodo
1158 3393 1206 3429 et
1223 3392 1385 3429 utrum
1403 3381 1494 3428 dif-
1582 3382 1612 3428 5
1620 3384 1680 3430 32
1695 3415 1710 3439 ‚
1749 3392 1798 3428 et
1827 3383 1972 3440 VIII,
2008 3382 2124 3429 382.
2154 3409 2225 3417 --
2267 3382 2598 3447 oppugnatio-

467 3466 651 3525 ferant,
677 3463 791 3511 vide
811 3462 875 3509 ad
898 3461 1001 3510 Cic.
1038 3461 1099 3509 de
1122 3462 1238 3524 Leg.
1265 3463 1365 3519 III,
1396 3460 1458 3507 15
1476 3496 1492 3520 ‚
1579 3477 1690 3507 nem
1706 3460 1942 3520 ostendit,
1961 3461 2219 3508 simulavit.
2239 3461 2419 3509 Confer
2437 3461 2497 3508 ad
2510 3462 2616 3517 1v‚·

469 3562 519 3592 n.
549 3545 650 3610 33)
685 3559 788 3591 non
814 3541 1107 3607 recipiatur,
1149 3557 1205 3587 ea
1242 3539 1497 3604 antiquari
1585 3542 1683 3601 30,
1709 3557 1759 3587 n.
1791 3542 1963 3600 1;V1,
2004 3543 2092 3601 18,
2122 3558 2174 3589 n.
2203 3543 2268 3601 33
2300 3553 2349 3590 et
2372 3542 2598 3595 XXVII,

471 3624 666 3672 dIcitur.
1587 3627 1677 3678 44,
1704 3636 1756 3669 n.
1791 3621 1836 3668 3.

540 3705 661 3753 Cu.
680 3705 810 3750 LIX.
829 3718 874 3751 1.
899 3704 962 3749 Ut
977 3700 1259 3748 distinerent
1279 3699 1488 3756 Volscos,
1656 3699 1702 3747 3.
1748 3700 1953 3748 Immitis
1987 3700 2171 3757 coedes,
2217 3699 2340 3746 nulli
2373 3715 2601 3764 parcens,
2658 3736 2663 3741 .

471 3781 583 3828 vide
611 3784 673 3841 ad
700 3787 802 3842 III,
822 3784 914 3842 23,
937 3799 987 3831 n.
1023 3797 1068 3830 1.
1582 3779 1687 3827 sine
1740 3779 2064 3829 miseratione.
2116 3806 2185 3815 —
2229 3779 2598 3827 Pronuntiaeum

543 3876 592 3906 α.
608 3864 787 3908 Anxur
783 3862 915 3926 ficit,
939 3878 1050 3925 quoe
1067 3876 1195 3907 nunc
1212 3859 1492 3907 Tarracina»
1581 3872 1773 3924 repente
1788 3897 1802 3917 ,
1834 3860 1947 3907 vide
1972 3859 2034 3906 ad
2055 3861 2106 3917 Ι,
2132 3858 2195 3906 53
2214 3894 2227 3916 ,
2249 3876 2299 3906 n.
2335 3874 2378 3906 1.

472 3950 605 3994 sunt,
636 3940 716 3987 vel
749 3940 1050 3997 Tarracina,
1090 3951 1148 3988 ut
1174 3940 1368 3998 XXIV,
1397 3946 1491 3998 443
1653 3947 1701 3995 4.
1730 3939 1819 3986 Ad
1843 3937 2068 4003 (adverb.
2108 3954 2201 4000 pro
2240 3935 2461 3998 circiter)
2498 3934 2597 3979 duo

471 4016 622 4064 hodie
654 4019 913 4064 Terracina
927 4053 943 4076 ,
968 4035 1126 4083 prope
1145 4019 1375 4066 Ufentem
1400 4017 1509 4066 flu--
1580 4017 1735 4067 millia
1749 4030 1799 4065 ee
1809 4016 2080 4082 quingenti,
2093 4017 2301 4075 utVIH‚
2318 4031 2337 4061 1
2348 4017 2376 4061 8
2390 4030 2406 4076 3
2420 4014 2570 4059 XXII
2581 4048 2598 4072 ,

474 4112 614 4155 men,
655 4096 740 4158 qui
762 4111 893 4142 nunc
935 4096 975 4142 il
1000 4100 1259 4144 Por-tutore
1292 4098 1488 4146 dicitur.
1581 4107 1675 4160 413
1708 4097 1962 4154 XXVIII,
2000 4096 2064 4150 34
2081 4128 2095 4153 ,
2138 4095 2231 4153 363
2279 4092 2497 4149 XXXV,
2540 4108 2593 4151 73
