3000 4717
430 337 480 374 A.
505 334 553 374 C.
586 337 680 376 320.

365 401 374 407 .
429 398 680 447 aa&
731 361 1052 427 LIBER
1102 362 1328 428 v111.
1388 363 1603 431 CAP.
1657 368 2131 439 XXXVIII.
2222 369 2227 370 *
2367 374 2502 447 513

377 484 588 553 terim
625 479 844 580 pedes
888 483 1206 577 equitem
1251 498 1717 581 assequutus3
1762 502 1832 559 et
1876 492 2045 561 totis
2085 494 2234 587 jam
2278 501 2505 596 copiis

374 596 653 665 Samnis
686 592 1208 691 urgebat.Tum
1245 593 1587 683 dictator,
1628 612 2011 694 postquam
2051 604 2207 674 sine
2239 631 2505 705 magno

374 704 833 776 incommodo
866 702 1202 803 progredi
1232 732 1382 777 non
1415 721 1735 804 poterat,
1761 735 1928 781 eum
1952 714 2224 810 ipsum,
2254 718 2328 787 in
2356 744 2505 815 quo

373 819 820 901 constiterat,
855 816 1099 889 locum
1134 820 1379 889 castris
1403 818 1737 890 dimetari
1758 822 1984 916 jussit.
2019 826 2102 896 Id
2133 851 2337 913 vero,
2371 832 2504 900 cir-

373 925 698 998 cumfuso
723 928 1049 1025 undique
1069 931 1401 1027 equitatu
1415 926 1472 1019 ⁶,
1493 945 1578 1001 ut
1605 933 1862 1005 vallum
1894 951 2264 1033 peteretur
2284 967 2506 1039 opus-

371 1062 514 1133 que
556 1037 945 1136 inciperet,
991 1040 1147 1111 fieri
1194 1067 1347 1111 non
1394 1057 1700 1139 poterat.
1748 1050 2043 1143 Itaque,
2090 1049 2220 1121 ubi
2262 1078 2504 1150 neque

370 1144 592 1216 eundi
615 1201 634 1235 ,
685 1174 926 1246 neque
977 1152 1319 1253 manendi
1372 1154 1654 1249 copiam
1712 1180 1865 1227 esse
1926 1159 2157 1248 videt,
2218 1164 2506 1234 instruit

368 1257 629 1347 aciem,
675 1260 1207 1360 impedimentis
1257 1287 1347 1332 ex
1396 1265 1685 1359 agmine
1733 1269 2070 1356 remotis3
2136 1271 2505 1343 instruunt

367 1388 621 1447 contra
662 1389 734 1445 et
776 1373 1056 1461 hostes,
1094 1387 1166 1443 et
1199 1374 1454 1443 animis
1495 1387 1566 1443 et
1608 1374 1879 1447 viribus
1921 1402 2163 1474 pares3
2209 1398 2503 1453 auxerat

365 1486 442 1557 id
494 1488 803 1557 maxime
859 1485 1172 1575 animoS,
1224 1484 1462 1582 quod,
1510 1485 1743 1582 ignari
1792 1488 1954 1559 loco
2007 1491 2296 1588 iniquo,
2352 1519 2503 1564 non

365 1597 557 1668 hosti
581 1606 634 1682 ⁷,
685 1620 1002 1681 cessum,
1039 1595 1238 1666 velut
1290 1592 1652 1691 fugientes
1695 1620 1776 1666 ac
1822 1600 2106 1668 territos
2150 1601 2505 1673 terribiles

364 1708 501 1806 ipsi
535 1707 827 1802 sequuti
864 1703 1173 1776 fuerant.
1219 1705 1303 1775 Id
1341 1704 1766 1802 aliquandiu
1803 1700 2108 1805 aequavit
2146 1735 2503 1808 pugnam,

359 1818 508 1912 jam
548 1816 827 1915 pridem
870 1817 1173 1888 desueto
1207 1816 1528 1888 Samnite
1568 1817 1950 1889 clamorem
1983 1825 2266 1892 romani
2297 1849 2501 1893 exer-

362 1929 546 1999 citus
579 1929 748 2025 pati.
782 1932 910 2015 At,
948 1927 1274 2015 hercule,
1315 1927 1440 1997 illo
1475 1926 1592 1997 die
1631 1925 1723 1997 ab
1764 1928 1942 1999 hora
1986 1931 2127 2001 diei
2167 1934 2375 2002 tertia
2411 1933 2502 2003 ad

361 2052 688 2108 octavam
716 2040 816 2109 ita
842 2063 1108 2134 anceps
1135 2036 1401 2136 dicitur
1423 2051 1791 2112 certamen
1821 2042 2127 2130 stetisse,
2154 2057 2236 2112 ut
2260 2068 2500 2139 neque

361 2149 656 2238 clamor,
689 2158 772 2225 ut
809 2151 1046 2247 primo
1079 2148 1301 2221 semel
1342 2174 1704 2220 concursu
1741 2165 1849 2220 est
1883 2149 2245 2239 sublatuS,
2284 2155 2500 2224 itera-

360 2276 480 2333 tus
521 2265 645 2350 sit3
688 2287 928 2360 neque
967 2266 1167 2362 signa
1206 2276 1547 2360 promota
1597 2259 1794 2348 locu,
1836 2275 2121 2333 retrove
2165 2278 2495 2360 recepta;

360 2394 606 2464 neque
660 2397 1036 2443 recursum
1090 2371 1181 2444 ab
1233 2372 1378 2443 ulla
1434 2373 1525 2441 sit
1583 2382 1804 2467 parte.
1869 2375 1954 2440 In
2005 2396 2138 2442 suo
2189 2375 2499 2471 quisque

359 2477 587 2575 gradu
619 2478 873 2548 obnixi
900 2479 955 2565 ⁸,
995 2497 1339 2575 urgentes
1382 2483 1601 2552 scutis
1627 2490 1681 2569 9,
1722 2482 1878 2551 sine
1915 2484 2383 2579 respiratione
2423 2511 2504 2557 ac

358 2602 692 2685 respectu
718 2588 1164 2685 pugnabant.
1191 2592 1545 2660 Fremitus
1568 2593 1893 2685 aequaliS,
1926 2606 2284 2688 tenorque
2309 2594 2503 2665 idem

279 2697 282 2700 ’
360 2723 622 2796 pugnae
648 2699 726 2769 in
755 2696 1341 2796 defatigationem
1371 2698 1732 2786 ultimam,
1763 2714 1887 2769 aut
1915 2715 2208 2786 noctem
2237 2719 2501 2798 specta-

433 2866 487 2915 6.
546 2865 838 2931 Circumfieso
895 2865 1107 2928 undique
1160 2864 1380 2928 equitatu

361 2945 653 2994 Samnitium
666 2980 681 3005 ‚
709 2958 764 2993 ue
790 2945 976 2993 vallum
994 2953 1255 3010 peteretur,
1284 2944 1382 2990 hoc

359 3035 459 3081 ent,
479 3025 657 3082 vallus;
679 3026 766 3073 sed
785 3026 861 3072 vel
877 3026 971 3089 leg.
984 3060 999 3084 ,
1018 3024 1207 3080 vallus,
1235 3024 1313 3071 vel
1330 3034 1386 3070 ut

360 3102 552 3149 vallum
581 3115 827 3166 ρεισιγ-επις
865 3105 1087 3153 Gronov.
1122 3115 1170 3152 et
1196 3103 1379 3151 Stroth.

361 3180 574 3246 (Confer
596 3183 750 3228 Gron.
771 3181 914 3229 Obss.
938 3184 1016 3229 111
1030 3216 1045 3240 ,
1071 3185 1132 3229 18
1150 3200 1163 3241 ;
1183 3194 1230 3230 et
1250 3181 1381 3229 nuk.

357 3259 423 3307 ad
449 3260 578 3308 Flor.
600 3263 676 3318 11,
705 3263 798 3319 18,
822 3277 870 3309 n.
899 3273 992 3316 m,
1020 3262 1105 3325 qui
1134 3273 1295 3309 tamen
1319 3262 1383 3309 ad

360 3337 493 3386 hunc
510 3341 673 3388 locum
697 3352 891 3397 monet,
918 3341 1066 3388 latine
1102 3342 1246 3389 etiam
1284 3340 1384 3389 dici

359 3433 506 3486 posse
520 3417 613 3466 Ιιοσ
624 3420 816 3468 vallum
830 3435 922 3484 pro
938 3419 1015 3467 laic
1026 3419 1227 3482 vallus.)
1239 3423 1382 3468 Forte

361 3508 412 3544 et
434 3511 495 3544 ne
513 3497 606 3560 leg.
629 3514 722 3563 pro
753 3511 818 3546 nt.
843 3499 970 3546 Tum
988 3515 1157 3546 sensus
1182 3511 1256 3547 est
1278 3515 1291 3548 ε
1320 3500 1389 3546 Id

360 3576 607 3644 vero-fieri
626 3589 722 3625 non
734 3590 956 3642 poterat,
979 3578 1269 3638 circeunsuso
1293 3594 1383 3625 un-

360 3654 508 3718 dique
532 3656 751 3720 equitatu
779 3657 1063 3704 Samnitium
1102 3668 1151 3704 et
1179 3668 1381 3720 urgente

270 3765 274 3770 «
360 3734 609 3783 Romanos
621 3771 636 3794 ,
663 3752 724 3783 ne
746 3747 912 3800 petere
931 3736 1085 3784 vallos
1097 3771 1111 3792 ‚
1131 3737 1209 3784 vel
1226 3735 1380 3800 ligna-

362 3822 466 3860 tum
484 3814 579 3872 ire,
606 3826 655 3863 et
678 3828 833 3863 castra
861 3817 1058 3873 metari,
1084 3827 1168 3863 aut
1194 3831 1379 3879 ponere

274 3956 284 3964 .
359 3905 585 3957 possent,
616 3894 704 3942 sed
727 3910 945 3959 pugnare
967 3905 1273 3957 cogerentur.

433 3988 481 4032 7.
510 3973 679 4035 Quod,
726 3974 890 4039 ignari
917 3976 1022 4023 loco
1047 3975 1238 4038 iniquo,
1281 3987 1379 4021 non

367 4049 516 4109 hosti,
545 4054 841 4102 Samnitibus
858 4089 873 4113 ,
902 4067 1083 4101 cessum
1103 4069 1206 4102 esse
1224 4071 1252 4102 a
1280 4055 1381 4101 Ro-

363 4130 536 4178 manis.
577 4132 875 4195 Ignorabaut
912 4133 1176 4192 Samnites,
1221 4149 1384 4182 veram

569 4221 672 4287 II.

1469 2863 1792 2928 profectionis
1814 2863 2150 2911 Romanorum
2174 2882 2365 2913 causam
2392 2884 2497 2915 non

1470 2943 1618 2990 finisse
1640 2954 1849 3002 metum,
1879 2943 1966 2991 sed
1990 2954 2156 2990 castra
2183 2945 2421 2993 incuriose
2446 2958 2496 2995 et

1470 3023 1584 3070 loco
1612 3037 1784 3087 parum
1801 3033 2087 3087 opportuno
2103 3023 2288 3088 posita.
2304 3052 2374 3060 —
2396 3028 2493 3072 De-

1470 3113 1605 3148 sueto
1626 3090 1868 3158 Sanmite,
1901 3118 2051 3165 quum
2077 3102 2296 3166 alioquin
2322 3103 2493 3152 desue-

1471 3180 1619 3228 visset
1643 3180 1846 3228 Samniti.
1869 3207 1935 3216 —
1962 3180 2264 3238 Clamorem,
2294 3183 2370 3230 vel
2391 3184 2494 3248 pri-

1469 3277 1603 3309 mum
1648 3261 1885 3324 impetum
1925 3270 1975 3307 et
2020 3276 2336 3324 concursum,
2388 3278 2492 3327 quo

1469 3341 1781 3407 potissimum
1806 3339 1913 3386 tolli
1938 3339 2079 3388 solet.

1543 3421 1590 3467 8.
1630 3421 1691 3466 In
1727 3413 1816 3466 sico
1851 3419 2052 3482 quisque
2083 3419 2249 3483 gradu
2290 3421 2486 3476 obnixi,
2548 3481 2551 3486 ἱ

1470 3499 1586 3547 vide
1611 3498 1673 3546 ad
1701 3500 1772 3555 11,
1807 3513 1894 3556 10,
1923 3514 1972 3545 n.
1999 3511 2047 3557 7.

1543 3595 1593 3641 9.
1629 3581 1855 3644 Urgentes
1876 3577 2050 3633 scutis,
2080 3577 2394 3630 umbonibus.
2422 3606 2493 3615 -—

1468 3657 1580 3704 Sine
1601 3657 1918 3722 respe'rate‘one
1940 3674 2002 3704 ae
2028 3667 2241 3719 respectu
2262 3674 2277 3702 .·
2298 3668 2349 3704 ut
2373 3672 2490 3705 nos:

1469 3736 1595 3785 ohne
1613 3735 1916 3784 anszumhen
1938 3735 2043 3781 und
2056 3735 2155 3781 sicle
2175 3735 2458 3782 umzuselzen
2470 3754 2493 3793 ;

1470 3818 1620 3862 Doer.
1658 3814 1840 3862 Confer
1868 3813 1930 3861 ad
1965 3815 2202 3872 XXXII,
2236 3829 2325 3871 12,
2362 3831 2411 3863 n.
2443 3816 2488 3862 3.

1469 3896 1597 3943 Mox
1621 3909 1770 3957 quum
1790 3891 1945 3940 subito
1971 3891 2260 3939 Samnitium
2287 3894 2486 3956 equites,

1469 3989 1619 4038 quum
1632 4008 1649 4031 ,
1679 3985 1771 4021 etc.
1799 3972 2095 4020 inconcinne
2122 3971 2316 4019 dicitur.
2346 3974 2507 4021 Forte'

1469 4054 1563 4117 leg.
1597 4065 1697 4100 eum
1730 4052 1886 4099 subito
1902 4085 1918 4108 ‚
1961 4052 2037 4099 vel
2065 4050 2177 4114 qui,
2212 4067 2300 4098 seu
2323 4051 2487 4115 quod,

1473 4144 1635 4182 tuma
1661 4149 1713 4181 u.
1736 4132 1768 4180 l.
1788 4148 1876 4196 μ,
1903 4140 2207 4195 acceperant.

2069 4215 2159 4288 33
