3000 4717
545 438 635 484 20
684 394 690 399 ’
1373 415 1451 483 T..
1518 413 1815 484 LIVII-
2364 394 2486 494 ῧζὲζ
2511 397 2607 497 {⁴123

534 529 792 607 tenuit.
841 529 1219 605 Interrex⁶
1271 558 1351 603 ac
1402 548 1726 624 senatu5‚
1766 533 2147 604 consulum
2173 536 2494 624 comitia;
2535 539 2660 607 tri-

539 643 721 716 buni
756 643 986 742 plebis
1011 658 1084 715 et
1122 644 1362 742 plebs,
1408 644 1870 716 tribunorum
1896 645 2206 716 militum
2245 661 2327 716 ut
2353 645 2682 717 bahem--

535 770 688 844 tur,
718 756 1032 827 tendunt
1066 783 1081 824 ε
1122 756 1447 826 vicerunt
1478 760 1718 826 Patres
1736 808 1755 844 ,
1787 758 1957 853 quia
1986 771 2055 829 et
2081 757 2316 854 plebS,
2348 757 2659 855 patriciis

538 889 665 935 seu
721 864 918 935 hunc
959 875 1085 935 seu
1139 863 1342 934 illum
1390 864 1716 936 delatura
1758 865 2150 956 honorem,
2196 865 2458 938 frustra
2501 892 2657 938 cer-

533 987 685 1045 tare
723 975 1123 1072 supersedit
1157 1001 1170 1043 :
1218 989 1290 1068 et
1324 976 1684 1073 principes
1727 975 1958 1072 plebis
1997 1002 2080 1048 ea
2116 979 2402 1049 comitia
2435 977 2658 1048 male-

536 1082 714 1155 bant
736 1140 755 1173 ,
790 1085 1056 1181 quibus
1103 1110 1254 1155 non
1301 1083 1692 1157 haberetur
1734 1087 1916 1157 ratio
1956 1089 2102 1177 sui,
2136 1111 2357 1184 quam
2396 1086 2659 1183 quibus

534 1208 614 1264 ut
653 1193 928 1292 indigni
968 1198 1530 1293 praeterirentur.
1575 1194 1876 1266 Tribuni
1907 1221 2202 1293 quoque
2238 1197 2469 1294 plebis
2505 1221 2661 1268 cer-

534 1320 776 1379 tamen
802 1298 971 1381 ‘sine
1001 1307 1266 1380 effectu
1297 1310 1374 1379 in
1398 1306 1758 1379 beneficio
1778 1306 1968 1405 apud
1996 1309 2347 1405 primores
2375 1314 2662 1379 Patrum

531 1418 914 1514 reliquere.
938 1424 1016 1489 T.
1039 1420 1378 1509 Quintius
1393 1416 1740 1488 Barbatus
1765 1418 2083 1487 interrex
2118 1416 2449 1488 consules
2470 1429 2662 1487 creat

527 1531 609 1597 L.
644 1529 1006 1625 Papirium
1042 1521 1518 1623 Mugillanum
1536 1581 1555 1615 ,
1586 1533 1667 1599 L.
1698 1528 2203 1625 Sempronium
2219 1528 2656 1614 Atratinum.

530 1636 654 1705 His
688 1632 1105 1704 consulibus
1139 1658 1305 1703 cum
1333 1635 1764 1707 Ardeatibus
1793 1635 2031 1707 foedus
2060 1651 2486 1706 renovatum
2519 1650 2656 1707 est:

445 1830 451 1835 .
527 1741 750 1837 idque
802 1742 1235 1813 monimenti
1268 1756 1412 1834 est,
1461 1745 1794 1815 consules
1841 1770 1964 1817 eos
2002 1746 2125 1816 illo
2166 1761 2359 1816 anno
2403 1744 2617 1816 fuisse
2641 1800 2661 1834 ‚

533 1853 661 1949 qui
705 1876 947 1947 neque
989 1852 1066 1921 in
1105 1849 1483 1921 annalibus
1522 1854 1769 1948 priscis
1796 1906 1816 1940 ‚
1860 1878 2101 1950 neque
2146 1857 2239 1924 in-
2260 1854 2460 1925 libris
2508 1878 2660 1924 ma-

533 1964 962 2060 gistratuum
992 1962 1467 2034 inveniuntur
1496 1987 1513 2030 :
1548 1960 1799 2052 credo,
1823 1962 2026 2058 quod
2054 1963 2331 2034 tribuni
2356 1964 2665 2034 militum

531 2075 739 2144 initio
781 2076 953 2144 anni
993 2071 1326 2160 fuerunt,
1363 2098 1487 2160 e0,
1524 2072 1828 2169 perinde
1875 2096 1956 2142 ac
2007 2074 2066 2140 si
2110 2086 2348 2142 totum
2390 2097 2663 2143 annum
2737 2123 2748 2132 -

531 2185 609 2254 in
652 2187 959 2284 imperio
1001 2183 1307 2274 fuerint,
1351 2181 1671 2255 suffectis
1708 2183 1819 2253 his
1867 2182 2286 2254 consulibus
2308 2238 2327 2272 ‚
2366 2198 2662 2280 praeter-

534 2298 746 2367 missa
764 2296 1058 2367 nomina
1075 2293 1456 2367 consulum
1479 2293 1759 2363 horum.
1781 2293 2099 2364 Licinius
2116 2298 2356 2364 Macer
2368 2307 2393 2350 ⁷
2412 2308 2664 2366 auctor

535 2420 676 2491 est,
711 2420 784 2475 et
826 2407 904 2474 in
941 2403 1211 2475 foedere
1248 2403 1655 2494 ardeatinO,
1687 2416 1759 2476 et
1792 2405 1870 2474 in
1897 2402 2363 2475 linteis·libris
2390 2404 2481 2475 ad
2509 2411 2665 2475 Mo-

532 2528 717 2584 netae
753 2515 1048 2584 inventa
1083 2542 1097 2583 ι
1139 2529 1209 2584 et
1242 2513 1415 2586 foris
1438 2568 1457 2602 ,
1499 2538 1729 2611 quum
1764 2529 1874 2586 tot
1912 2529 2223 2587 terrores
2268 2541 2309 2587 a
2344 2516 2663 2588 finitimis

531 2624 873 2693 ostentati
911 2637 1186 2713 essent,
1226 2638 1297 2695 et
1334 2624 1535 2694 domi
1572 2626 1805 2695 otium
1840 2623 1997 2695 fuit.
2070 2616 2079 2625 ’

624 2738 812 2803 VIII.
856 2741 1068 2805 Hunc
1087 2750 1398 2824 annum,
1422 2760 1550 2806 seu
1573 2735 1908 2806 tribunos
1936 2736 2189 2824 modo,
2206 2761 2335 2807 seu
2356 2734 2661 2806 tribunis

530 2840 870 2928 suffectos
928 2845 1259 2916 consules
1320 2870 1618 2942 quoque
1671 2838 1928 2916 habuit
1955 2901 1974 2935 ‚
2039 2847 2367 2941 sequitur
2430 2869 2661 2914 annus

528 2955 726 3033 haud
741 2968 762 2999 1
790 2956 1027 3052 dubiis
1049 2957 1466 3029 consulibus
1480 3013 1500 3049 ,
1519 2963 1618 3029 M.
1641 2958 1965 3055 Geganio
1983 2957 2347 3027 Macerino
2366 2958 2625 3025 iterum
2639 3008 2658 3043 ‚

599 3142 648 3188 6.
671 3143 895 3188 Interrex
915 3158 977 3188 ac
991 3154 1184 3191 senatus
1202 3143 1448 3191 consulum
1465 3160 1548 3191 co·
1636 3144 1698 3192 ad
1726 3148 1803 3192 111
1822 3179 1836 3203 ,
1864 3144 1895 3191 5
1908 3178 1922 3202 ,
1949 3160 1999 3191 n.
2025 3157 2057 3203 9
2072 3176 2086 3201 ,
2113 3153 2162 3189 et
2189 3141 2300 3190 Iud.
2316 3166 2388 3176 —
2409 3139 2546 3186 Libri
2570 3138 2660 3185 lin-

529 3217 668 3264 mitia
705 3229 761 3266 ut
788 3219 1062 3267 habeantur
1087 3222 1314 3279 cendunt,
1345 3231 1549 3269 conten·
1639 3224 1729 3281 tei,
1759 3224 1812 3270 in
1842 3223 1994 3270 linteo
2032 3220 2227 3285 scripti,
2251 3231 2299 3267 et
2329 3217 2558 3266 asservati
2592 3216 2667 3262 ad

530 3296 682 3355 dunt,
716 3314 915 3362 operam
946 3299 1087 3358 dant,
1112 3298 1345 3364 perficere
1373 3317 1551 3350 conan-
1641 3305 1877 3357 Moneta»,
1905 3300 2009 3347 scil.
2038 3300 2191 3350 aedem
2223 3298 2370 3364 (vide
2394 3296 2459 3345 ad
2483 3299 2508 3343 1
2530 3330 2545 3355 ,
2568 3296 2659 3354 33,

535 3386 632 3423 tur.
657 3377 801 3425 Conf.
820 3379 944 3436 VII,
970 3394 1062 3436 22,
1086 3396 1135 3427 ιι.
1159 3397 1217 3439 23
1246 3382 1323 3439 X,
1348 3396 1467 3439 1,n.
1497 3384 1551 3447 33
1589 3390 1594 3395 ’
1641 3398 1692 3428 ιι.
1725 3379 1811 3445 6),
1836 3379 1887 3426 h.
1916 3395 1957 3425 e.
1982 3379 2035 3424 in
2067 3378 2170 3425 aede
2199 3376 2411 3425 sunonis
2443 3377 2659 3422 Monetae

530 3456 685 3513 XXI,
718 3456 807 3514 33,
833 3473 884 3503 n.
914 3464 973 3515 43
997 3459 1254 3518 XXVIII,
1289 3460 1378 3517 18,
1407 3476 1457 3508 n.
1488 3474 1556 3522 23
1644 3458 1741 3522 (de
1761 3474 1857 3521 qua
1882 3474 1934 3505 v.
1955 3456 2019 3504 ad
2041 3458 2138 3516 vl,
2162 3472 2255 3516 20,
2277 3473 2327 3504 n.
2354 3471 2441 3514 11,
2466 3466 2514 3501 et
2533 3454 2658 3511 vll,

528 3536 735 3582 XXXII
751 3570 766 3594 ‚
793 3536 882 3595 323
909 3538 1191 3596 xxxml,
1229 3538 1322 3595 53,
1348 3548 1396 3584 et
1429 3554 1548 3585 mox
1637 3538 1703 3584 28
1720 3535 1765 3601 ),
1804 3536 1954 3600 prisci
1994 3537 2196 3586 annales
2234 3535 2409 3601 populi
2450 3532 2659 3581 romani.

528 3613 591 3660 ad
616 3630 722 3677 cap.
755 3614 810 3672 8,
837 3630 886 3661 ιι.
915 3614 963 3660 6.
986 3642 1057 3651 -
1077 3615 1325 3663 Certamen
1348 3615 1450 3661 sine
1476 3615 1547 3679 ef2
1637 3615 1781 3663 Conf.
1803 3631 1911 3678 cap.
1940 3617 2000 3662 13
2018 3650 2032 3674 ,
2051 3631 2145 3675 20,
2171 3632 2220 3663 n.
2243 3617 2307 3662 23
2322 3649 2337 3673 ,
2355 3624 2403 3660 et
2421 3610 2664 3659 Dodwell.

459 3755 468 3763 ἱ
510 3690 676 3754 fectu,
699 3708 799 3755 quo
818 3708 869 3740 se
886 3693 1011 3741 nihil
1030 3695 1336 3759 profecturos
1353 3693 1547 3757 prospi-
1633 3695 1690 3741 in
1716 3694 1944 3757 Append.
1970 3694 2207 3743 Praelectt.
2228 3693 2458 3740 Academ.
2480 3706 2531 3752 p.
2556 3687 2659 3743 654

526 3770 719 3816 ciebant
733 3805 748 3829 ,
780 3771 832 3817 in
874 3771 1100 3839 beneficio
1143 3773 1282 3836 apud
1306 3772 1545 3837 primores
1637 3775 2018 3836 sqq.—-Inventa
2031 3808 2047 3829 ,
2075 3772 2259 3819 scilicet
2280 3783 2384 3815 esse
2402 3767 2659 3816 consulum

525 3849 729 3894 Patr-um
764 3848 1019 3912 reliquere,
1056 3852 1261 3899 omisere
1294 3852 1348 3897 in
1377 3866 1547 3898 eorum
1635 3853 1862 3910 nomina,
1882 3853 1995 3915 quia
2018 3852 2071 3896 in
2086 3850 2165 3898 his
2180 3847 2319 3894 libris
2335 3847 2533 3894 nomina
2554 3861 2655 3892 ma-

526 3926 727 3988 gratiam
743 3957 757 3982 ,
783 3936 838 3971 ut
861 3926 974 3973 loco
1006 3926 1231 3976 beneficii
1259 3930 1340 3978 vel
1355 3946 1443 3995 per
1458 3930 1546 3978 be·
1637 3931 1925 3994 gistratuum
1951 3926 2155 3976 inscribi
2179 3926 2416 3984 solebant.
2447 3927 2536 3971 Ei).

522 4000 752 4050 aeficium
771 4003 907 4065 quasi
927 4020 1067 4051 suum
1089 4006 1404 4071 impetrarent
1425 4025 1545 4057 con·
1707 4013 1827 4059 Ου’.
1856 4010 1995 4057 vm.
2028 4022 2070 4053 1.
2098 4006 2254 4052 Haud
2272 4004 2427 4051 dubiis
2451 4001 2658 4050 consuli·

527 4080 749 4150 sulatum.
1635 4091 1720 4137 bus
1733 4108 1754 4146 ,·
1777 4087 1907 4135 unde
1930 4100 2048 4132 mox
2072 4085 2242 4135 eadem
2266 4099 2367 4134 vox
2388 4080 2658 4140 consulibut

598 4175 644 4218 7.
676 4158 887 4226 Licinius
921 4162 1119 4219 Macer,
1151 4159 1431 4215 historicus.
1467 4166 1545 4217 Cf.
1637 4166 1841 4216 delenda
1868 4162 2079 4213 videtur.
2579 4221 2597 4247 ³
