3000 4717
461 277 518 389 {12
540 290 596 391 ξ,
617 289 839 403 {23:233
887 309 1278 375 LIB.V11.
1331 306 1544 375 CAP.
1589 307 1907 374 xxvii.
1959 309 2321 378 xxvlu.
2387 307 2514 402 391

410 433 585 503 vatis
622 427 1160 507 difficultatibus
1193 427 1435 524 potior
1468 425 1560 496 ad
1593 449 1837 496 curam
1872 427 2151 498 senatui
2192 426 2350 499 fuit.
2387 433 2525 499 Le·-

409 555 585 611 vatae
601 542 905 612 maxime
928 565 1042 611 res
1062 595 1081 629 ‚
1104 539 1275 636 quia
1293 535 1569 608 tributo
1592 559 1673 606 ac
1702 535 1989 608 delectu
2008 562 2520 636 supersessum.

410 651 653 721 Tertio
678 675 872 720 anno
897 663 1063 747 post
1089 649 1440 718 Satricum
1462 648 1879 717 restitutum
1907 647 2271 734 aVolscis‚
2291 653 2527 720 M.Va·

410 757 628 828 lerius
642 762 917 829 Corvus
933 812 952 847 ,
970 757 1367 829 secundum
1386 755 1643 826 consul
1667 779 1834 825 cum
1852 758 1930 825 C.
1951 754 2253 844 Poetelio
2272 754 2495 827 factus
2510 812 2528 844 ‚

413 891 641 963 quum
669 894 759 940 ex
786 870 1014 940 Latio‘
1031 868 1443 938 nuntiatum
1475 880 1661 937 esset
1679 920 1699 954 ‚
1735 864 2005 962 legatos
2033 864 2124 936 ab
2151 866 2371 935 Antio
2397 867 2531 934 cir-

410 980 680 1050 cumire
720 978 1031 1077 populos
1071 980 1488 1049 Latinorum
1527 975 1616 1046 ad
1660 974 2174 1046 concitandum
2222 972 2532 1056 bellum,

410 1089 832 1186 priusquam
872 1089 1035 1186 plus
1083 1088 1398 1157 hostium
1436 1085 1680 1174 fieret,
1720 1084 1996 1157 Volscis
2034 1109 2232 1155 arma
2266 1082 2532 1155 inferre

406 1195 677 1292 jussuS‚
698 1196 789 1268 ad
816 1199 1167 1268 Satricum
1200 1196 1521 1268 exercitu
1545 1192 1806 1291 infesto
1830 1196 2098 1292 pergit:
2123 1221 2273 1293 quo
2308 1221 2534 1292 quum

412 1310 734 1379 Antiates
754 1308 1016 1405 aliique
1028 1307 1267 1378 Volsci
1299 1305 1705 1403 praeparatis
1729 1304 1877 1398 jam
1917 1318 2083 1376 ante
2102 1359 2121 1392 ‚
2150 1306 2209 1376 si
2241 1304 2419 1401 qui‘d
2448 1305 2540 1376 ab

413 1408 638 1487 Roma
659 1433 1097 1504 moveretur,
1123 1416 1347 1512 copiis
1365 1415 1875 1500 occurrissent,
1903 1414 2101 1484 nulla
2125 1439 2326 1486 mora
2352 1417 2541 1486 inter

415 1525 733 1598 infensos
774 1528 1056 1598 diutino
1096 1525 1268 1596 odio
1300 1524 1690 1595 dimicandi
1732 1523 1917 1595 facta
1954 1540 2082 1596 est.
2114 1525 2395 1615 Volsci,
2433 1525 2538 1597 fe·

403 1638 653 1706 ¹rocior
702 1635 792 1706 ad
836 1634 1333 1707 rebellandum
1352 1688 1371 1716 ,
1409 1658 1628 1730 quam
1673 1634 1765 1705 ad
1819 1633 2275 1722 bellandum,
2321 1659 2499 1733 gens
2518 1690 2538 1723 ,

420 1748 805 1817 certamine
830 1747 997 1816 victi
1019 1802 1038 1836 ‚
1071 1744 1236 1843 fuga
1264 1744 1489 1816 effusa
1517 1746 1765 1815 Satrici
1799 1733 2069 1816 moenia
2101 1759 2398 1843 petunt3
2437 1759 2539 1833 et,

418 1879 514 1925 ne¹
559 1856 634 1924 in
687 1856 911 1925 muris
959 1855 1253 1951 quidem
1305 1856 1469 1926 satis
1514 1854 1722 1925 firma
1770 1879 1895 1952 spe
1918 1909 1938 1942 ,
1988 1880 2218 1951 quum
2267 1880 2542 1926 corona

417 1965 726 2035 militum
758 1966 991 2036 cincta
1017 1966 1165 2060 jam
1204 1965 1405 2036 scalis
1437 1978 1815 2061 caperetur
1843 1962 2018 2035 urbs
2041 1967 2098 2053 4,
2118 1966 2207 2037 ad
2229 1980 2543 2062 quatuor

416 2073 635 2144 millia
676 2074 1021 2159 militum,
1056 2088 1317 2172 praeter
1360 2072 1902 2147 multitudinem
1939 2074 2343 2164 imbellem,
2388 2100 2541 2146 sese

415 2180 779 2254 dedidere.
811 2183 1184 2281 Oppidum
1216 2183 1539 2255 dirutum
1571 2199 1791 2281 atque
1817 2186 2232 2255 incensum:
2266 2183 2357 2255 ab
2395 2183 2543 2255 aede

421 2304 704 2361 tantum
723 2293 972 2363 Matris
996 2297 1284 2364 Matutae
1304 2292 1718 2364 abstinuere
1739 2295 2004 2391 ignem.
2044 2294 2283 2364 Praeda
2315 2295 2549 2368 omnis

418 2400 626 2469 militi
661 2401 825 2472 data
863 2430 877 2471 ε
923 2418 1121 2473 extra
1159 2404 1470 2501 praedam
1517 2417 1829 2500 quatuor
1869 2402 2089 2474 millia
2133 2403 2545 2475 deditorum

422 2504 709 2590 habita}
761 2533 882 2579 eos
928 2512 1208 2581 vinctos
1245 2512 1499 2583 consul
1544 2526 1707 2584 ante
1755 2537 2049 2583 currum
2086 2512 2543 2611 triumphans

367 2633 374 2640 '
420 2617 566 2714 egit
596 2644 612 2686 ε
652 2617 958 2688 venditis
989 2619 1280 2707 deinde,
1314 2646 1646 2717 magnam
1685 2625 2066 2719 pecuniam
2101 2624 2179 2692 in
2216 2625 2542 2694 aerarium

419 2725 716 2824 redegit.
766 2730 983 2815 Sunt,
1025 2729 1151 2823 qui
1199 2727 1382 2798 hanc
1420 2729 1958 2800 multitudinem
1998 2732 2352 2827 captivam
2394 2756 2544 2801 ser-

419 2835 684 2925 vorum
696 2835 912 2907 fuisse
930 2833 1246 2908 scribant
1265 2835 1518 2931 :idque
1535 2838 1758 2932 magis
1773 2838 2150 2909 verisimile
2167 2854 2275 2910 est
2293 2893 2311 2926 ‚
2327 2864 2546 2934 quam

421 2944 702 3017 deditos
736 2945 1060 3016 veniisse.

518 3059 844 3156 xxvnl.
869 3061 1017 3127 Hos
1041 3055 1372 3127 consules
1395 3054 1685 3152 sequuti
1704 3070 1874 3127 sunt
1886 3061 1981 3127 M.
2001 3055 2263 3127 Fabius
2274 3060 2510 3128 Dorso
2524 3113 2543 3146 ‚

359 3259 362 3266 ι
424 3168 571 3234 Ser.
613 3165 967 3262 Sulpicius
1002 3167 1443 3237 Camerinus.
1477 3168 1895 3236 Auruncum
1937 3165 2110 3238 inde
2148 3166 2422 3239 bellum
2454 3166 2547 3238 ab

425 3275 803 3370 repentina
821 3276 1289 3373 populatione
1306 3290 1627 3374 coeptum
1646 3292 2024 3374 3metuque
2041 3331 2061 3365 ‚
2077 3303 2170 3348 ne
2185 3277 2259 3348 id
2280 3278 2547 3349 factum

410 3486 609 3553 factum
635 3488 779 3552 (vide.
803 3489 867 3536 ad
891 3505 999 3553 cap.
1025 3492 1114 3549 16,
1140 3507 1191 3538 ιι.
1219 3490 1341 3566 ι).εε
1367 3508 1444 3539 so·
1540 3492 1911 3551 16;xxxl11,
1937 3490 2361 3556 303xxxvu1,
2382 3506 2442 3552 9,
2473 3492 2555 3539 38.

424 3566 543 3616 latio
562 3567 672 3615 oen's
691 3567 867 3625 alieni,
896 3582 983 3616 seu
1001 3569 1147 3616 sortis
1165 3569 1444 3633 dispensata
1533 3598 1605 3607 —-
1625 3573 1776 3618 Parte
1801 3569 1959 3634 plebis
1994 3568 2179 3634 afficta
2191 3603 2209 3626 ,
2250 3568 2366 3616 vide
2403 3569 2465 3615 ad
2492 3569 2560 3624 V,

424 3645 561 3693 estin
584 3657 795 3709 quatuor
814 3662 981 3708 oequas
988 3648 1272 3710 pensiones,
1300 3649 1372 3697 ita
1393 3661 1448 3695 ue
1542 3665 1631 3707 10,
1653 3666 1705 3696 ιι.
1729 3651 1779 3698 6.
2138 3701 2147 3710 ,

420 3725 577 3789 prima
585 3740 819 3788 prees-ens,
844 3725 922 3772 vel
941 3726 1104 3773 statim
1132 3726 1275 3788 (vide
1299 3727 1363 3774 ad
1388 3731 1411 3774 1
1428 3761 1442 3786 ,
1605 3735 1653 3783 4.
1698 3728 1891 3775 Corona
1917 3726 2123 3775 militum
2153 3727 2316 3774 cincta
2342 3725 2478 3784 urbs,
2508 3744 2557 3774 v.

427 3818 515 3861 ω,
539 3820 592 3852 ιι.
612 3803 692 3867 6),
711 3803 860 3853 altera
878 3803 969 3851 sub
984 3802 1085 3852 fine
1103 3805 1275 3869 primi,
1302 3807 1442 3854 tertia
1532 3804 1595 3852 ad
1632 3808 1713 3865 H,
1757 3821 1837 3866 17,
1866 3822 1917 3852 n.
1950 3808 1998 3852 3.
2021 3832 2093 3843 -·
2120 3806 2198 3853 Ab
2233 3805 2339 3853 oede
2376 3806 2553 3853 Matris

422 3882 513 3930 sub
533 3881 633 3931 fine
656 3882 858 3952 secundi
871 3917 887 3942 ,
913 3894 1084 3946 quarta
1105 3884 1196 3932 sub
1221 3883 1321 3931 fine
1345 3894 1441 3932 ter·
1535 3886 1742 3932 Maeutoe
1761 3884 2034 3932 abstinuere
2053 3885 2212 3949 ignem
2221 3901 2244 3942 ,0
2265 3884 2381 3932 vide
2398 3883 2463 3931 ad
2481 3887 2531 3933 ΙΙ
2548 3920 2562 3942 ,

420 3961 480 4008 tii
499 3962 641 4020 anni,
660 3960 881 4025 adeoque
900 3962 1027 4009 intre
1050 3963 1315 4010 triennium
1338 3979 1443 4011 om·
1534 3978 1597 4009 22
1612 3997 1627 4021 ,
1656 3979 1706 4012 n.
1732 3964 1761 4010 3
1777 3997 1792 4023 ,
1820 3974 1868 4011 et
1890 3965 1956 4023 V,
1987 3977 2077 4024 19,
2098 3980 2149 4011 n.
2177 3965 2225 4010 6.
2256 3964 2402 4012 Ratio
2428 3964 2557 4014 forte

421 4055 508 4089 nes
528 4041 862 4112 solvet-cutum
889 4042 1040 4091 Doer.
1066 4042 1211 4093 Conf.
1235 4044 1442 4103 xxlx,
1531 4041 1955 4109 prodigium,V1,
1985 4043 2080 4103 33,
2104 4054 2453 4093 memoratum:
2478 4059 2555 4090 su-
