3000 4717
493 333 617 435 ,⁶1:31
641 334 733 442 {321
780 355 969 422 ΜΒ.
1005 305 1216 422 v111.
1258 354 1467 421 CAP.
1514 354 1885 420 xxxm.
1925 355 2278 422 XXXIV.
2420 352 2554 426 503

434 476 709 574 proeliis
744 473 1245 564 haudfrustra
1277 473 1660 543 advocatos
1678 474 1716 540 Ρ
1763 476 1925 564 Quo
1949 464 2044 541 'id
2072 480 2318 543 animo
2363 499 2558 545 exer-

441 591 687 671 citum,
720 590 853 683 qui
879 585 1033 678 ejus
1067 584 1288 655 ductu
1320 587 1800 680 auspiciisque
1831 588 2107 652 vicisset
2120 636 2141 667 ,
2186 579 2506 653 laturum
2521 585 2561 653 Ρ

440 717 654 790 quem
690 694 957 766 luctum
993 699 1065 763 in
1102 700 1346 765 castris
1377 699 1702 764 romanis
1716 747 1738 780 ,
1766 717 1992 790 quam
2028 690 2350 762 loetitiam
2380 700 2564 765 inter

438 805 672 877 hostes
677 807 907 893 fore?
937 810 1103 877 Haec
1120 860 1139 893 ,
1175 804 1387 876 simul
1420 805 1751 901 jurganS,
1782 825 2126 901 querens,
2167 802 2386 874 deum
2419 803 2559 875 ho-

438 917 863 1014 minumque
919 915 1142 987 fidem
1197 914 1571 988 obtestans
1599 971 1618 1004 ,
1682 930 1756 988 et
1811 914 2232 1013 complexus
2291 915 2559 1002 filium,

434 1025 763 1122 plurimis
796 1053 961 1099 cum
995 1028 1322 1125 lacrymis
1354 1025 1609 1125 agebat
1635 1038 1722 1098 ¹2.

530 1145 849 1214 XXXIV.
914 1143 1159 1215 Stabat
1209 1168 1377 1216 cum
1422 1168 1512 1215 eo
1541 1154 1563 1185 ¹
1608 1158 1900 1215 senatus
1937 1143 2307 1238 majestas,
2359 1141 2562 1215 favor
2600 1221 2619 1231 J

433 1253 719 1348 populi,
745 1254 1207 1327 tribunitium
1234 1238 1612 1341 auxilium,
1639 1255 1987 1326 memoria
2013 1254 2332 1325 absentis
2362 1279 2589 1325 exer--

433 1362 639 1433 citus.
682 1370 787 1435 Ex
826 1381 1028 1464 parte
1072 1366 1293 1436 altera
1339 1372 1724 1463 imperium
1772 1371 2098 1437 invictum
2132 1365 2399 1463 populi
2438 1390 2558 1435 ro-

431 1479 696 1561 mani²‚
734 1493 807 1546 et
826 1478 1202 1573 disciplina
1229 1481 1335 1546 rei
1355 1474 1709 1561 militaris,
1753 1492 1825 1546 et
1855 1477 2215 1546 dictaton‘s
2247 1474 2558 1546 edictum

420 1606 565 1676 pro
598 1592 893 1657 numine
925 1611 1207 1685 semper
1234 1587 1689 1658 observatum
1713 1583 1767 1673 ³,
1813 1602 1886 1655 et
1920 1585 2304 1656 Manliana
2342 1591 2558 1682 impe-

428 1696 541 1762 ria
557 1696 610 1776 4,
651 1711 720 1765 et
729 1699 1154 1793 posthabita
1159 1698 1320 1792 filia]
1342 1702 1605 1769 caritas
1619 1698 1940 1795 publieoe
1968 1701 2290 1781 utilitati,
2334 1697 2556 1792 jacta-

428 1798 719 1875 bantur.
765 1812 927 1879 Hoc
971 1815 1186 1878 etiam
1222 1812 1305 1877 L.
1350 1812 1656 1878 Brutum
1676 1861 1694 1891 ,
1746 1808 2189 1879 conditorem
2231 1811 2561 1877 roman'ae

429 1911 767 1987 libertatis
781 1957 817 2004 ,·
851 1934 1068 1988 antea
1116 1925 1190 1990 in
1242 1919 1532 1990 duobus
1577 1918 1812 1989 liberis
1836 1921 2126 2010 ficisse.
2173 1922 2393 1990 Nunc
2415 1941 2558 2013 pa-

429 2038 566 2094 tres
583 2022 614 2069 ⁵
644 2050 905 2114 comes,
948 2046 1024 2102 et
1047 2053 1247 2101 senes
1250 2028 1520 2119 faciles
1549 2030 1642 2099 de
1675 2030 1911 2100 alieno
1945 2033 2241 2125 imperio
2278 2040 2512 2124 spreto
2528 2080 2551 2111 ,

428 2145 775 2232 tanquam
819 2139 927 2208 rei
958 2163 1218 2236 parvoe
1231 2194 1252 2226 ,
1301 2138 1709 2238 disczPIinoe
1763 2139 2088 2209 militaris
2135 2159 2401 2207 eversae
2424 2139 2555 2230 ju-

433 2253 700 2316 ventuti
728 2254 1042 2343 gratiam
1065 2250 1343 2339 facere.
1391 2255 1485 2321 Se
1527 2267 1780 2320 tamen·
1794 2263 2283 2346 perstaturum
2328 2254 2400 2317 in
2446 2253 2556 2315 in·
2616 2289 2627 2310 s

428 2371 657 2448 coepto
668 2384 696 2441 ,-
743 2382 874 2429 nec
924 2365 1023 2443 ei,
1084 2366 1219 2455 qui
1261 2359 1604 2429 adversus
1651 2357 1918 2428 dictum
1971 2381 2178 2427 suum
2194 2409 2215 2441 ,
2263 2356 2559 2426 turbatis

427 2458 884 2553 religionibus
910 2489 1000 2533 ac
1025 2465 1269 2535 dubiis
1294 2473 1666 2563 auspiciis,
1688 2481 2118 2564 pugnasset,
2154 2466 2557 2562 quidquam

428 2677 663 2742 opinione
682 2694 789 2741 quoe
807 2678 961 2742 magis
985 2689 1140 2726 muna!
1160 2694 1261 2726 suae
1282 2679 1444 2726 favere

428 2758 594 2822 possit.
621 2760 712 2806 En.

504 2853 582 2885 12.
608 2839 727 2885 Haec
761 2836 908 2885 simul
928 2834 1405 2902 jurgans-..agebat
1417 2869 1437 2907 ,

426 2917 715 2980 perorabat,
743 2928 799 2965 ut
820 2918 975 2975 XXI,
1003 2916 1092 2973 53,
1127 2931 1178 2962 ιι.
1200 2914 1258 2972 3,
1300 2912 1445 2961 etad

417 2996 656 3059 populum
682 3012 828 3059 agere
847 2998 1017 3054 XLII,
1044 2996 1134 3054 34,
1154 3010 1203 3041 n.
1230 3010 1273 3040 1.

495 3073 618 3121 Cu».
655 3075 899 3121 XXXIV.
930 3090 975 3121 ι.
1016 3074 1191 3122 Stabat
1217 3089 1326 3120 cum
1350 3088 1436 3129 eo,

427 3152 563 3215 quasi
587 3168 615 3199 a
646 3152 866 3214 partibus
896 3153 1052 3211 Fabii,
1080 3168 1192 3199 eum
1215 3152 1443 3212 juvabat,

425 3239 483 3278 nt
503 3231 569 3287 V,
606 3230 701 3288 38;
739 3225 941 3288 XXVI,
967 3239 1061 3292 413
1099 3232 1328 3288 XXXII,
1357 3247 1440 3278 21.

427 3309 609 3358 Confer
626 3309 689 3357 ad
706 3310 903 3367 XXIV,
922 3308 987 3364 45
1001 3343 1016 3367 ,
1034 3326 1086 3357 ιι.
1111 3325 1154 3356 ι.
1178 3308 1259 3356 Sic
1276 3319 1328 3357 et
1343 3325 1440 3373 pro

414 3387 533 3454 jure
545 3388 762 3453 gentium
782 3387 912 3436 stetit
907 3386 1121 3451 fortuna
1135 3389 1416 3435 XXXVIII
1425 3422 1441 3447 ,

426 3469 519 3527 25,
544 3484 594 3515 ιι.
618 3476 665 3524 4.
683 3494 752 3503 -
773 3468 859 3515 Ex
877 3479 1023 3531 parte
1047 3467 1207 3514 altera
1233 3467 1442 3515 dictato-

423 3547 514 3606 ris,
527 3558 577 3595 et
593 3563 619 3594 a
639 3547 877 3595 dictatore
882 3546 1210 3611 jactabantur
1226 3544 1361 3610 (vide
1378 3545 1442 3593 ad

421 3626 498 3684 11,
529 3641 587 3673 12
605 3660 621 3684 ,
641 3642 692 3674 n.
720 3625 773 3689 7)
790 3625 913 3673 haec.
934 3626 1094 3686 Hujus
1111 3640 1306 3688 quoque
1324 3636 1440 3673 sunt

422 3704 605 3753 verba:
632 3707 742 3753 Hoc
765 3704 913 3753 etiam
939 3707 993 3753 L.
1019 3704 1247 3761 Brutum,
1271 3716 1366 3762 ¹etc.

491 3799 542 3830 ει.
564 3782 827 3846 Imperium
855 3783 1082 3831 invictum
1106 3782 1282 3847 populi
1316 3799 1438 3830 rom.

420 3861 535 3909 vide
551 3863 719 3922 adVI,
744 3865 833 3922 16,
849 3878 899 3910 ιι.
916 3863 965 3909 3.
981 3862 1287 3926 ——Imperii,
1303 3860 1442 3924 quod

422 3955 449 3987 a
494 3941 682 4004 populo
729 3940 1088 4005 magian-atibus
1138 3940 1442 4004 ducibusque

423 4021 732 4069 commissum
770 4021 943 4084 populi
981 4020 1180 4068 nomine
1222 4031 1439 4084 geratur,

421 4101 642 4161 maiestas
661 4099 759 4148 huc
785 4116 936 4163 usque
962 4099 1210 4148 inviolata.
1234 4100 1330 4147 En.

1604 2679 1654 2725 3.
1679 2679 1941 2727 Dictator-is·
1961 2680 2170 2726 edictum
2186 2697 2285 2743 pro
2303 2681 2502 2728 numirte
2519 2699 2557 2727 s.

1533 2772 1579 2803 ο.
1606 2755 1721 2803 vide
1743 2756 1807 2802 ad
1832 2760 1882 2815 1,
1913 2756 2007 2815 55,
2030 2774 2079 2803 ιι.
2106 2765 2155 2811 4.

1603 2843 1654 2891 4.
1679 2834 2198 2899 Manliana-imperia,
2231 2834 2346 2882 vide
2378 2850 2486 2899 cap.
2511 2851 2560 2893 7.

1600 2915 1648 2963 5.
1678 2916 1822 2962 Nunc
1833 2926 2005 2978 patres
2037 2912 2143 2979 (M.
2173 2914 2375 2961 Fabium
2411 2913 2556 2960 alios·

1530 3011 1648 3059 que,
1675 2995 1780 3055 ejus
1803 2992 2018 3059 amicos)
2040 3005 2223 3051 eomes,
2253 3004 2301 3040 et
2320 3009 2456 3040 senes
2464 2992 2558 3057 fa·

1530 3072 1642 3121 ciles
1668 3072 1730 3119 de
1748 3072 1910 3120 alieno
1924 3107 1940 3130 ‚
1979 3072 2122 3121 facile
2149 3071 2476 3120 concedentes
2495 3069 2557 3119 de

1525 3153 1660 3212 jure,
1680 3168 1784 3200 ιιοιι
1806 3168 1922 3212 suo,
1949 3151 2035 3200 sed
2061 3153 2294 3211 aliorum,
2327 3164 2376 3200 et
2397 3152 2453 3199 in
2474 3168 2528 3201 re
2543 3185 2557 3209 ‚

1532 3247 1640 3295 quae
1666 3247 1771 3279 ιιοιι
1803 3231 1869 3279 ad
1905 3248 1987 3292 se,
2035 3232 2121 3280 sed
2161 3233 2309 3291 alios,
2357 3248 2463 3281 ιιοιι
2490 3233 2556 3280 ad

1529 3326 1691 3368 sunm,
1710 3310 1798 3358 sed
1815 3311 2022 3358 aliorum
2033 3345 2048 3369 ‚
2065 3311 2352 3375 dignitatem
2364 3322 2556 3375 spectat

1531 3387 1659 3454 (quo
1678 3389 1776 3437 fere
1803 3405 1949 3438 sensu
1966 3390 2141 3455 largiri
2157 3406 2223 3437 ex
2240 3389 2403 3437 alieno
2426 3389 2558 3438 dixit

1530 3468 1635 3517 Cic.
1656 3468 1721 3516 ad
1735 3469 1852 3516 Div.
1870 3472 1974 3527 111,
1998 3470 2026 3516 8
2040 3502 2055 3527 ,
2074 3485 2125 3516 ιι.
2142 3484 2208 3517 20
2222 3466 2241 3533 )
2253 3504 2268 3528 ‚
2285 3467 2554 3531 disciplina

1529 3547 1753 3595 militaris
1789 3547 1988 3612 imperio
2014 3559 2173 3611 spreto
2211 3564 2406 3605 eversoe,
2445 3559 2555 3595 tan-

1530 3642 1679 3690 quam
1714 3626 1788 3674 rei
1812 3643 2011 3690 parvae,
2055 3626 2295 3690 juventuti
2332 3626 2555 3692 gratiam

1512 3704 1720 3770 faeere,
1750 3705 1863 3752 vide
1890 3705 1953 3752 ad
1974 3706 2049 3764 II,
2078 3705 2172 3764 35,
2193 3722 2246 3752 ιι.
2275 3705 2335 3764 5,
2377 3716 2425 3753 et
2451 3707 2558 3763 111,

1531 3783 1621 3841 56,
1661 3800 1711 3830 ιι.
1741 3784 1790 3832 3.
1812 3785 1917 3843 Ita,
1945 3783 2151 3847 opinor,
2172 3782 2424 3847 jungenda
2447 3783 2552 3833 haec

1529 3861 1703 3921 verba,
1746 3879 1775 3909 a
1807 3862 2020 3910 librariis
2056 3863 2183 3911 forte
2221 3863 2517 3927 transposita
2542 3880 2556 3920 ;

1531 3957 1634 3990 non
1643 3940 1826 4006 faciles
1859 3942 1922 3989 de
1946 3942 2107 3989 alieno
2135 3942 2334 4006 imperio
2363 3953 2548 4005 spreto,

1529 4021 1609 4068 vel
1638 4019 1700 4066 de
1733 4021 1895 4068 alieno
1932 4021 2150 4086 gratiam
2169 4020 2363 4086 facere.
2392 4021 2458 4074 Τὸ
2492 4020 2554 4067 de
2604 4021 2613 4028 “

1534 4098 1796 4147 delendum
1815 4100 2054 4164 putabant
2075 4101 2227 4148 Drak.
2248 4112 2298 4148 et
2325 4100 2429 4147 alii.
