3000 4717
548 386 688 459 366

1390 393 1467 458 T.
1538 370 1816 457 L1v11

2367 374 2415 410 A.
2445 372 2491 413 C.
2518 373 2613 419 354.

2368 431 2421 471 U.
2445 432 2493 471 C.
2516 435 2609 485 398.

546 510 722 580 lata¹
762 535 777 576 ε
820 523 898 579 εἰ
928 507 1134 605 plebs
1161 508 1532 615 aliquanto
1564 533 1717 580 eam
1752 510 2081 606 cupidius
2113 512 2316 581 scivit
2351 515 2672 610 accepit-

549 644 714 717 que.
775 618 882 690 Ad
934 616 1124 689 bella
1165 643 1350 689 nova
1372 673 1391 704 ‚
1453 619 1693 716 priore
1739 644 1932 691 anno
1962 612 2368 710 destinata,
2419 623 2675 695 Falisci

615 825 737 873 Cu·-
764 826 905 872 XVI.
936 839 979 871 1.
1007 826 1082 870 De
1101 822 1320 869 unciario
1327 823 1505 887 senet-e
1528 839 1563 869 a

544 906 606 952 M
602 903 816 959 Duillio,
829 905 885 952 L.
896 902 1151 965 Moeniopl.
1164 901 1363 948 tribunis
1371 901 1561 966 rogatio

545 996 617 1033 est
633 984 857 1047 perlata,
888 982 950 1030 cf.
971 984 1087 1028 Tac.
1112 980 1344 1036 AnnNI,
1375 981 1436 1027 16
1452 1014 1467 1038 ,
1510 997 1561 1027 ιι.

549 1078 639 1124 173
663 1061 750 1110 ubi
773 1060 878 1109 haec
899 1061 981 1108 lex
999 1060 1193 1108 silentio
1210 1059 1556 1123 praetermissa,

543 1142 773 1206 quoniam
795 1156 851 1188 ea
872 1138 1023 1186 modo
1044 1138 1303 1203 repetitum
1334 1149 1382 1185 et
1421 1154 1555 1185 seve·

542 1222 643 1269 rius
669 1220 909 1268 sancitum
931 1217 1151 1276 videtur,
1175 1218 1310 1281 quod
1329 1219 1431 1278 jam
1453 1220 1556 1265 XII

475 1287 480 1298 ι
539 1297 832 1349 Tabularum
854 1298 960 1362 lege
980 1307 1173 1345 cautum
1198 1295 1379 1356 fuerat,
1408 1307 1457 1344 et
1475 1313 1558 1345 ne-

540 1396 635 1444 que
655 1379 736 1427 illa
753 1393 911 1441 neque
927 1377 1033 1424 haec
1053 1377 1155 1423 XII
1178 1375 1448 1423 tabularum
1473 1376 1556 1424 lex

536 1475 625 1524 per
642 1457 892 1505 avaritiam
910 1456 1234 1503 feneratorum
1252 1467 1437 1504 servata
1455 1466 1556 1514 est;

538 1536 674 1601 quod
699 1536 779 1583 vel
796 1552 859 1583 ex
874 1535 1056 1582 LivNI
1077 1565 1093 1592 ,
1122 1541 1185 1589 1¹¹4
1200 1568 1215 1592 ‚
1240 1549 1290 1581 n.
1313 1534 1344 1580 6
1366 1568 1380 1593 ,
1403 1544 1554 1598 patet.

544 1614 824 1663 Unciarium
840 1612 991 1678 senus
1025 1623 1121 1670 est,
1148 1628 1298 1675 quum
1326 1627 1419 1677 pro
1446 1629 1557 1660 cen-

539 1665 882 1742 tenisi‘assibus
908 1691 1110 1755 singulis
1137 1691 1384 1739 mensibus
1409 1692 1555 1758 (nam

537 1767 861 1828 menstruum,
895 1785 998 1817 non
1015 1784 1229 1816 annuum
1257 1770 1399 1817 fenus
1424 1769 1556 1834 apud

537 1853 787 1899 Romanos
813 1850 867 1896 in
884 1865 978 1896 usu
994 1846 1126 1912 erat)
1153 1864 1311 1896 usurae
1330 1849 1445 1898 loco
1465 1853 1556 1896 u'n-

539 1931 638 1989 cia,
676 1929 966 1977 duodecima
1006 1928 1126 1975 assis
1153 1943 1288 1992 pars,
1333 1927 1553 1991 adeoque

536 2026 662 2058 unus
686 2009 805 2057 assis
831 2023 925 2072 pro
950 2007 1168 2055 centenis
1204 2006 1323 2072 (nos
1347 2005 1553 2053 dicimus

542 2106 563 2137 1
587 2105 684 2152 pro
712 2086 855 2152 Cent)
873 2088 929 2134 in
952 2099 1133 2134 annum
1156 2084 1314 2133 datur.
1351 2085 1409 2132 Ei
1435 2100 1556 2132 mox

531 2168 849 2217 substitutum
846 2166 997 2232 senus
1017 2163 1388 2212 semunciarium
1407 2162 1552 2228 (vide

531 2247 658 2294 infra
689 2263 794 2310 cap.
824 2243 958 2309 27),
1003 2243 1079 2291 vel
1111 2242 1310 2289 dimidia
1347 2242 1552 2290 unciarii

533 2342 646 2389 pars
670 2339 682 2372 ε
709 2325 846 2382 nam,
878 2333 934 2370 ut
954 2332 1061 2368 utar
1084 2321 1213 2367 Livii
1242 2321 1403 2368 verbis
1424 2321 1547 2367 infra

533 2419 640 2467 cap.
673 2417 735 2462 19
750 2435 766 2460 ,
793 2400 883 2447 etsi
902 2399 1122 2446 unciario
1133 2397 1464 2463 finer-efacta
1488 2400 1551 2446 Ie-

533 2491 647 2528 vaea
673 2495 821 2526 usura
842 2488 976 2532 erat,
1014 2486 1176 2523 tamen
1205 2476 1330 2523 illud
1352 2471 1549 2540 quoque

529 2555 690 2622 ip'sum
726 2556 955 2620 gravabat
992 2554 1165 2619 inopes
1179 2589 1194 2613 ,
1237 2558 1420 2621 quippe
1462 2557 1549 2619 qui

530 2648 660 2684 sorte
683 2634 814 2699 ipsa,
861 2634 939 2681 vel
972 2634 1072 2682 sola
1102 2634 1207 2681 sine
1234 2634 1362 2693 ullo,
1391 2636 1548 2684 'etiam

529 2716 762 2771 minimo,
800 2724 1059 2777 augmento
1073 2748 1087 2771 ‚
1114 2715 1443 2764 obruebantur
1463 2732 1549 2762 ne-

529 2810 743 2859 xumque
760 2793 948 2842 inibant
964 2791 1107 2859 (vide
1124 2792 1187 2840 ad
1201 2795 1250 2839 11
1266 2828 1280 2851 ,
1297 2810 1325 2840 2
1336 2795 1364 2841 3
1378 2828 1395 2855 ,
1412 2811 1463 2841 ιι.
1483 2792 1547 2858 ι).

531 2875 663 2923 Hinc
680 2873 824 2921 etiam
841 2871 988 2936 paulo
1001 2882 1117 2936 post
1138 2867 1277 2938 (vide
1294 2872 1421 2920 infra
1440 2888 1546 2937 cap.

533 2962 594 3010 42
623 2951 725 3018 pr.)
760 2968 787 2998 a
813 2951 867 2999 L.
893 2951 1120 2999 Genucio
1143 2951 1343 2999 tribuno
1368 2925 1437 3016 pl.
1465 2967 1547 2999 ro-

531 3044 639 3096 gata
663 3042 735 3079 est
758 3031 839 3078 lex
854 3064 868 3087 ,
896 3045 956 3075 ne
966 3028 1202 3093 fenerare
1219 3028 1311 3100 ‚(h·
1335 3046 1378 3077 e.
1396 3045 1546 3093 pecu-

529 3112 659 3159 niam
673 3109 763 3156 sub
776 3109 937 3156 fenere
949 3107 1131 3174 locare)
1148 3107 1352 3155 omnino‘
1365 3107 1541 3164 liceret,

531 3190 598 3259 μὴ
618 3184 854 3246 δανείζειν
883 3184 963 3236 ἐπὶ
990 3187 1164 3245 τόκοις.
1194 3190 1375 3238 Confer
1395 3189 1544 3237 verba

529 3271 644 3316 Tac.
685 3267 798 3313 loco
844 3265 1040 3312 laudato
1083 3265 1347 3330 (postremo
1386 3264 1545 3312 vetica

530 3361 757 3401 versura,
782 3343 996 3401 homost,
1015 3343 1154 3390 fenus
1167 3376 1181 3400 ‚
1197 3343 1277 3390 vel
1295 3354 1518 3390 mutuum
1530 3377 1544 3401 ‚

531 3418 667 3489 quod
712 3422 803 3493 sub
848 3422 1009 3469 fenere
1046 3420 1279 3485 sumitur)
1322 3432 1371 3468 et
1412 3422 1541 3485 inpr.

533 3504 744 3569 Appian.
769 3501 883 3548 bell.
903 3500 996 3547 civ.
1022 3501 1072 3558 1,
1106 3501 1197 3558 54,
1221 3515 1283 3546 ex
1308 3515 1407 3563 quo
1429 3501 1543 3547 loco

528 3581 781 3648 probabile
793 3578 851 3626 fit
860 3613 874 3637 ,
883 3579 982 3639 jam
1000 3579 1106 3641 lege
1118 3578 1334 3626 Genucia
1347 3593 1543 3642 poenam

523 3659 786 3726 quadrupli
800 3657 889 3724 (de
909 3673 1003 3721 qua
1022 3657 1133 3705 vide
1151 3661 1334 3706 Ancon.
1356 3656 1419 3704 ad
1440 3658 1542 3706 Cic.

529 3742 696 3789 Divin.
714 3741 768 3787 in
778 3737 939 3786 Caecil.
959 3753 1004 3784 c.
1025 3737 1111 3800 7),
1136 3746 1362 3784 statutam
1380 3737 1543 3784 fuisse.

529 3823 651 3882 Quae
672 3821 802 3881 leges
828 3828 883 3864 ut
906 3817 959 3863 in
985 3815 1118 3863 Urbe
1144 3815 1517 3865 observarentur
1530 3851 1544 3875 ,

529 3897 763 3945 curabant
783 3896 838 3943 in
862 3894 1031 3960 primis
1058 3894 1270 3954 AEdiles,
1315 3905 1362 3942 et
1380 3895 1545 3950 inhia

527 3976 735 4024 maxime
775 3974 1005 4031 Curules,
1052 3974 1139 4036 qui
1181 3989 1376 4036 gravem
1414 3988 1544 4037 saepe

527 4052 755 4098 muletam
780 4051 1060 4113 irrogabant
1087 4052 1467 4107 feneratoribus;
1491 4068 1541 4098 v.

528 4130 651 4185 vn,
672 4129 766 4185 283
793 4130 870 4182 X,
894 4128 957 4172 23
975 4144 990 4185 ;
1008 4130 1229 4186 XXXV,
1249 4137 1328 4183 μ.
1353 4130 1450 4178 Sed
1474 4132 1541 4177 ir-

1650 825 1767 872 ritas
1779 824 2018 873 faciebant
2029 825 2159 889 leges
2170 826 2428 874 necessitas
2441 839 2670 875 mutuan-

1649 902 1770 950 tium
1809 893 2095 967 fraudesque
2133 915 2230 951 tam
2274 906 2632 969 magistratuum
2649 941 2668 965 ,

1649 982 1733 1044 qui
1746 1015 1760 1039 ,
1778 992 1833 1030 ut
1850 982 2113 1046 plurimum
2123 983 2391 1048 locupletes
2402 1019 2416 1042 ‚
2433 985 2669 1034 favebant

1646 1060 1973 1125 locupletibus
1988 1096 2002 1120 ,
2029 1078 2173 1123 quam
2178 1062 2539 1126 feneratorum,
2560 1064 2668 1112 hoc

1644 1150 1741 1198 est,
1789 1139 2045 1188 hominum
2085 1140 2289 1188 divitum
2315 1142 2666 1206 cujuscumque

1644 1218 1857 1277 ordinis,
1897 1220 1983 1281 qui
2019 1220 2277 1283 pecuniam
2318 1219 2452 1285 (quae
2479 1231 2527 1269 et
2552 1222 2665 1285 ipsa

1628 1295 1780 1361 senus
1807 1296 2018 1361 dicitur)
2037 1299 2129 1346 sub
2153 1299 2313 1345 usuris
2335 1299 2536 1358 dabant,
2572 1317 2663 1347 seu

1642 1375 1908 1439 ponebant.
1934 1376 2304 1441 (Capitulium,
2338 1378 2662 1443 Benceniers.)

1643 1455 1824 1503 Confer
1844 1454 1906 1502 ad
1923 1456 2020 1514 vl,
2045 1456 2138 1515 35,
2169 1473 2220 1505 n.
2251 1473 2307 1514 23
2339 1459 2546 1515 etVIII,
2571 1459 2658 1505 28.

1641 1534 1800 1582 Nemo
1826 1536 1955 1583 enim
1980 1536 2120 1584 facile
2150 1547 2276 1594 erat,
2317 1536 2402 1599 qui
2427 1552 2654 1584 nummos

1642 1614 1732 1661 sub
1754 1624 1851 1662 tam
1876 1615 2039 1680 parvis
2060 1616 2218 1663 usuris
2242 1616 2322 1663 vel
2351 1614 2473 1663 adeo
2508 1617 2660 1677 gratis

1643 1703 1837 1741 mutuos
1863 1694 1998 1742 daret
2012 1728 2027 1752 ,
2054 1704 2102 1740 et
2126 1694 2444 1752 feneratores,
2470 1694 2547 1746 vel
2570 1710 2656 1741 ne—

1642 1772 1905 1834 gotiatores
1929 1784 1978 1820 et
1995 1772 2272 1837 publicani,
2308 1772 2529 1835 Iniquum
2550 1772 2656 1836 ple-

1642 1855 1847 1913 rumque
1869 1861 1918 1902 et
1944 1850 2126 1915 grande
2150 1851 2314 1909 fenus,
2353 1867 2520 1898 usuras
2540 1855 2654 1897 ususs·

1641 1946 1800 1976 rarum
1815 1929 2238 1994 (anatocismum)‚
2258 1930 2538 1977 centesimas
2556 1928 2652 1994 (sc.

1638 2020 1800 2072 partes
1831 2008 2001 2067 sortis,
2038 2026 2188 2072 quum
2214 2009 2391 2072 singuli
2414 2025 2539 2056 asses
2560 2024 2653 2073 pro

1640 2088 1858 2136 centenis
1876 2088 1930 2135 in
1946 2104 2160 2137 mensem
2173 2123 2188 2147 ,
2206 2087 2426 2150 adeoque
2439 2086 2657 2135 duodeni

1640 2165 1693 2212 in
1728 2182 1908 2213 annum
1953 2164 2278 2231 solvuntur),
2323 2166 2442 2229 quin
2487 2165 2654 2225 binas,

1639 2254 1802 2291 ternas
1839 2256 1887 2292 et
1913 2257 2168 2308 quaternas
2193 2245 2315 2293 adeo
2343 2244 2626 2292 centesimas
2639 2280 2654 2303 ,

1638 2323 1922 2387 exigebant3
1948 2340 2038 2371 nec
2060 2319 2293 2382 deerant,
2310 2322 2394 2387 qui
2413 2323 2466 2370 id
2495 2324 2655 2370 solve-

1635 2412 1768 2459 rent,
1794 2403 1875 2452 vel
1894 2402 1947 2452 in
1968 2403 2267 2467 provinciis,
2298 2418 2406 2466 quae
2426 2401 2653 2465 gravibus

1634 2479 1832 2528 tributis
1896 2482 2220 2546 oneribusque
2275 2480 2615 2546 premebantur
2638 2514 2652 2538 ‚

1636 2570 1686 2606 et
1705 2561 1924 2623 pecuniae
1956 2560 2124 2625 inopia
2146 2560 2432 2608 laborabant
2457 2556 2654 2626 (confer

1635 2639 1752 2687 Tac.
1781 2640 1912 2689 Ann.
1938 2641 2043 2698 111,
2081 2647 2172 2699 403
2197 2639 2294 2687 Dio
2321 2639 2484 2695 LXII,
2514 2653 2574 2694 23
2603 2648 2653 2685 et

1637 2717 1741 2765 Cic.
1760 2718 1824 2765 ad
1838 2720 2018 2766 Att.vl
2031 2752 2045 2777 ,
2064 2715 2297 2783 passim),
2328 2716 2404 2764 vel
2423 2717 2473 2762 in
2488 2715 2624 2762 Urbe
2638 2749 2652 2773 ‚

1636 2796 1719 2843 ubi
1747 2796 1915 2861 primis
1935 2797 2054 2860 reip.
2074 2798 2262 2844 saeculis
2287 2811 2549 2861 pauperes,
2583 2794 2652 2842 ob

1635 2886 1871 2940 perpetua
1888 2876 2192 2939 potissimum
2212 2876 2336 2924 bella
2348 2911 2362 2935 ‚
2381 2890 2475 2922 aere
2490 2873 2652 2920 alieno

1634 2953 1966 3002 obruebantur
1980 2988 1994 3012 ,
2021 2965 2069 3002 et
2090 2965 2260 3018 postea
2276 2955 2332 3001 in
2351 2954 2454 3001 dies
2471 2967 2657 2999 cresce-

1634 3032 1754 3079 bant
1774 3032 1973 3078 avaritia
1999 3043 2048 3080 et
2078 3034 2235 3082 luxus.
2269 3035 2431 3095 Quum
2471 3029 2651 3078 deinde

1633 3109 1780 3175 (vide
1805 3109 1927 3157 infra
1948 3113 2168 3169 XXXV,
2193 3111 2245 3176 7)
2265 3109 2649 3175 multisfinebri-

1633 3189 1719 3235 bus
1755 3189 1934 3253 legibus
1967 3191 2225 3238 constricta
2260 3190 2469 3237 avaritia
2502 3198 2642 3244 esset,

1631 3267 1721 3314 ‘via
1733 3266 1925 3326 fraudis
1944 3268 2069 3315 inita
2088 3280 2182 3325 esc,
2206 3280 2261 3315 ut
2276 3267 2324 3315 in
2345 3266 2497 3315 socios
2520 3266 2649 3329 (pro-

1631 3345 1862 3394 vinciales
1878 3345 1923 3411 ),
1946 3347 2035 3411 qui
2049 3364 2147 3394 non
2170 3347 2442 3394 tenerentur
2462 3345 2518 3393 iis
2536 3344 2660 3408 legi-

1632 3425 1716 3471 bus
1731 3460 1746 3481 ,
1774 3425 2003 3483 nomina,
2032 3413 2251 3474 debitum
2280 3424 2422 3489 (vide
2443 3424 2503 3471 ad
2522 3424 2644 3481 vn,

1632 3518 1661 3549 a
1675 3517 1695 3550 r
1717 3538 1730 3560 ,
1756 3520 1805 3551 n.
1824 3511 1861 3559 4
1876 3504 1895 3567 )
1909 3538 1924 3562 ,
1953 3505 2322 3552 transcriberent
2340 3502 2506 3569 (quasi
2527 3501 2650 3549 socii

1633 3582 1806 3629 civibus
1829 3599 1948 3630 rom.
1988 3583 2300 3632 credidissent
2310 3579 2572 3646 pecunias)
2598 3592 2650 3627 et

1633 3660 1704 3707 ita
1732 3661 1877 3708 libero
1883 3660 2057 3726 fener-e
2071 3660 2164 3725 (ab
2181 3662 2382 3710 arbitrio
2405 3661 2645 3708 fenerato-

1631 3756 1740 3787 rum
1782 3740 2026 3804 pendente
2069 3756 2160 3787 nee
2207 3740 2393 3804 leg-ibus
2440 3736 2644 3786 definito

1632 3830 1777 3881 atque
1815 3818 2062 3882 obnoxio)
2109 3820 2363 3866 obruerem
2393 3813 2641 3866 debitores.

1632 3895 1735 3964 (3De
1750 3897 2036 3945 coercendis
2051 3897 2128 3945 his
2139 3898 2391 3945 fraudibus
2402 3898 2457 3943 in
2470 3894 2644 3944 'ceden-

1635 3975 1710 4023 dis
1730 3976 2012 4023 nominibus
2025 3977 2294 4037 vid-Cuiat.
2308 3975 2452 4024 Obss.
2469 3976 2546 4031 X,
2570 3973 2646 4040 3.)

1634 4054 1910 4101 Centesimae
1927 4054 2065 4103 factae
2087 4054 2228 4101 etiam
2244 4055 2469 4118 legitimae
2480 4065 2644 4100 usurae

1629 4143 1680 4179 et
1702 4132 1890 4181 usitatae
1907 4148 1921 4191 ;
1944 4149 2035 4181 nec
2052 4144 2215 4181 tamen
2231 4142 2344 4181 ante
2363 4148 2476 4180 ann.
2494 4129 2645 4179 Urbis
