3000 4717
428 333 478 370 A.
508 328 555 368 C.
583 329 674 374 354.

428 390 552 429 uc,
583 389 675 441 ³⁹⁸.
906 347 1218 414 LIBER
1269 346 1442 415 vn.
1496 349 1710 415 cAP.
1755 351 1958 418 xvl.
2352 344 2521 447 367·

375 491 671 568 quoque
707 469 949 539 hostes
993 467 1257 553 exorti,
1304 467 1577 565 duplici
1613 469 1949 555 crimine3
1987 470 2186 565 quod
2222 487 2295 544 et
2321 498 2489 545 cum

374 576 1016 677 Tarquiniensibus
1046 577 1391 671 juventus
1442 602 1696 648 eorum
1732 579 2193 666 militaverat,
2239 598 2311 654 et
2343 609 2491 673 eos,

376 693 502 787 qui
538 689 845 761 Falerios
874 684 1377 785 perfugerant,
1422 712 1652 784 quum
1689 687 1875 758 male
1909 705 2310 786 pugnatum
2339 707 2489 782 .,est

371 798 867 923 repetentibus
903 795 1263 869 fetialibus
1305 799 1622 868 romanis
1667 819 1818 868 non
1861 799 2345 870 reddiderant.
2396 806 2494 872 Ea

375 909 742 1007 provincia
784 910 936 978 Cn.
957 907 1258 977 Manlio
1271 906 1591 979 obvenit.
1636 910 1954 980 Marcius
1985 911 2378 981 exercitum
2417 912 2523 981 in·

375 1043 625 1116 agrum
654 1019 1133 1116 privernatem
1155 1071 1173 1104 ‚
1216 1018 1579 1115 integrum
1614 1042 1787 1116 pace
1824 1020 2222 1117 longinqua
2244 1075 2262 1108 ,
2289 1020 2497 1091 indu-

375 1132 478 1200 xit
498 1155 517 1217 ;
540 1130 992 1225 militemque
1017 1126 1253 1225 proeda
1279 1129 1635 1225 implevit:
1660 1130 1764 1199 Ad
1793 1132 2073 1228 copiam
2092 1130 2498 1200 rerumad-

377 1239 559 1310 didit
579 1235 1206 1326 munificentiam,
1243 1239 1482 1334 quod,
1529 1239 1715 1324 nihil·
1739 1240 1815 1308 in
1858 1238 2232 1338 publicum
2271 1264 2518 1311 secer-·

378 1350 619 1444 nendo
638 1360 693 1438 ²,
725 1350 1016 1447 augenti
1037 1373 1193 1419 rem
1221 1351 1568 1446 privatam
1593 1348 1800 1419 militi
1827 1346 2020 1418 favit.
2054 1351 2501 1421 Prwernates

359 1483 603 1556 ¹quum
629 1475 796 1531 ante
819 1461 1078 1548 moenia
1102 1481 1228 1529 sua
1254 1461 1497 1529 castris
1521 1460 1949 1562 permunitis
1968 1459 2493 1547 consedissent3

376 1571 644 1639 vocatis
684 1569 774 1639 ad
816 1569 1246 1638 concionem
1279 1567 1662 1655 militibus,
1690 1584 1921 1639 castra
1956 1594 2178 1656 nunc,
2215 1571 2491 1665 inquit,

375 1678 583 1749 vobis
621 1678 932 1749 hostium
974 1676 1367 1773 urbemque
1394 1678 1676 1775 praedae
1718 1678 1848 1764 clo,
1890 1683 1957 1748 .ςί
1988 1679 2170 1748 mihi
2187 1679 2492 1776 pollice-

376 1792 582 1872 mini,
611 1811 748 1856 vos
765 1788 1062 1879 sortiter
1085 1792 1158 1855 in
1177 1792 1344 1856 acie
1377 1799 1678 1883 operum
1704 1804 2095 1858 navaturos
2109 1842 2128 1874 ,
2161 1813 2293 1860 nec
2310 1813 2497 1886 proe-

377 1896 498 1967 doe
530 1902 798 1994 mageis,
848 1920 1072 1992 quam
1108 1920 1419 1993 pugnoe,
1456 1913 1761 1995 paratos
1801 1922 1967 1968 esse.
2013 1899 2311 1995 Signum
2361 1924 2497 1995 po-

375 2020 586 2078 scunt
622 2008 897 2102 ingenti
938 2006 1252 2080 clamore
1306 2034 1323 2076 ε
1377 2007 1691 2105 celsique
1741 2023 1814 2079 et
1857 2033 1985 2105 spe
2030 2008 2233 2079 haud·
2278 2007 2500 2079 dubia

376 2116 752 2189 feroces‘in
782 2115 1107 2214 praelium
1130 2116 1423 2187 vadunt.
1456 2118 1568 2189 Ibi
1592 2133 1759 2189 ante
1786 2119 1986 2217 signa
2016 2122 2185 2190 Sex.
2199 2115 2496 2207 Tullius,

374 2227 465 2298 de
507 2252 658 2324 quo
702 2242 869 2302 ante
905 2224 1180 2298 dictum
1227 2244 1377 2315 est,
1423 2229 1825 2301 exclamat.
1871 2229 2224 2326 Adspice,
2270 2255 2494 2326 tmpe-

375 2350 612 2420 rator,
671 2334 1294 2433 quemadmodum
1345 2346 1696 2410 exercitus
1743 2355 1906 2412 tuus
1968 2341 2099 2408 tibz
2131 2364 2500 2436 promessa

360 2459 704 2538 praestet.-
736 2446 1030 2542 piloque
1067 2450 1345 2547 posit0,
1394 2452 1642 2519 stricto
1680 2450 1971 2547 gladio
1954 2476 2029 2520 1n
2059 2449 2388 2520 hostem
2371 2473 2499 2517 nn·-

377 2566 626 2650 petum
669 2551 856 2623 facit.
902 2560 1324 2651 Sequuntur
1361 2557 1673 2628 Tullium
1711 2559 2161 2655 antesignani
2197 2583 2454 2629 omnes
2479 2612 2497 2646 ,

375 2655 761 2760 primoque
799 2664 1074 2760 imp'etu
1122 2679 1441 2741 avertere
1484 2665 1769 2736 hostem
1823 2695 1838 2736 ε
1899 2666 2135 2737 fusum
2190 2667 2358 2737 inde
2410 2665 2500 2736 ad

373 2771 726 2871 oppidum
754 2774 1213 2870 persequuti,
1248 2798 1474 2868 quum
1508 2776 1664 2869 jam.
1687 2775 1940 2863 scalas»,
1970 2775 2338 2848 moenibus
2375 2776 2499 2846 ad-

1485 3000 1713 3037 revoeata
1731 2973 1837 3037 XII=
1852 2989 2121 3039 tabularum
2140 2991 2193 3038 in
2210 2992 2361 3039 modo
2376 2992 2504 3040 fene-

1486 3069 1553 3115 ris
1579 3068 1856 3127 clementia,
1893 3086 2034 3132 quam
2062 3086 2170 3117 mos
2198 3071 2301 3134 lege
2325 3083 2502 3135 poten·

378 3001 473 3058 703
496 3017 595 3063 quo
615 2998 1087 3048 senatusconsultum
1108 2997 1290 3044 factum
1305 3030 1319 3054 ,
1342 3006 1398 3043 ut

375 3078 642 3125 centesima·
651 3077 1068 3142 'perpetuoflmere
1090 3076 1393 3132 ducerentur,

374 3156 470 3203 boe
493 3167 590 3214 est,
610 3157 939 3220 penderentur
964 3156 1070 3204 sine
1095 3154 1396 3202 anatocismo

375 3232 522 3297 (vide
549 3231 654 3282 cic.
674 3234 735 3282 ad
755 3238 860 3283 Att.
873 3236 937 3291 V,
961 3252 988 3281 a
1002 3232 1066 3298 1).
1094 3235 1213 3281 Haec
1233 3245 1282 3281 et
1303 3233 1397 3280 alia

375 3312 522 3360 docte
545 3328 600 3358 ac
620 3313 819 3376 copiose
844 3313 1014 3360 docuit
1033 3314 1187 3359 Gron.
1207 3313 1267 3359 de
1285 3328 1394 3376 pec.

376 3401 472 3438 vet.
501 3402 549 3439 et
574 3391 804 3455 probavit
821 3391 949 3455 inpr.
974 3392 1203 3438 adversus
1221 3391 1395 3438 Salma-

375 3470 499 3517 sium
513 3503 527 3526 ‚
540 3471 624 3533 qui
641 3471 803 3516 omnia
819 3468 1054 3526 turbavit,
1073 3480 1127 3515 ut
1146 3480 1194 3516 et
1208 3468 1392 3517 Stroth.

375 3548 438 3595 ad
461 3547 511 3595 h.
529 3547 562 3595 l.
591 3576 657 3583 -—
679 3550 857 3593 Fenere
878 3546 1052 3610 scripsi
1071 3562 1163 3610 pro
1165 3545 1363 3612 foenore
1371 3565 1392 3602 ;

374 3626 488 3675 vide
511 3625 572 3673 ad
595 3623 819 3674 Juvenal.
843 3626 944 3683 XI,
973 3633 1053 3680 4ο.
1077 3652 1146 3660 -
1173 3625 1239 3670 Ec
1253 3625 1392 3687 plebs

373 3704 630 3768 aliquanto
655 3719 762 3752 eam
788 3703 1007 3769 cupidius
1027 3702 1163 3749 scivit
1184 3702 1393 3765 accepit-

373 3800 491 3848 que,
515 3783 700 3831 scilicet
723 3783 866 3846 quam
886 3782 1198 3848 rogationem·
1212 3780 1272 3827 de
1293 3796 1392 3826 am-

373 3862 481 3911 bitu
510 3873 558 3911 et
586 3862 818 3909 nundinis
838 3859 1268 3921 conciliabulisque
1290 3874 1394 3905 non

373 3940 614 3989 obeundis
641 3941 773 4007 (cap.
809 3940 869 3987 15
894 3939 1045 4003 extr.)
1071 3939 1182 4001 quia
1209 3937 1394 3984 scilicet

373 4036 437 4067 ex
464 4020 555 4067 hac
590 4019 713 4067 nihil
749 4017 995 4067 cbmmodi
1036 4034 1146 4081 pars
1186 4017 1394 4063 maxima

379 4099 635 4166 capiebant
649 4133 664 4157 ,
702 4099 784 4145 illa
833 4113 946 4145 vero
993 4096 1395 4155 sublevabantur,

1485 3150 1583 3196 tior
1610 3149 2003 3207 conculcaverat,
2036 3148 2311 3197 immodicis
2344 3151 2502 3199 usuris

1485 3225 1731 3275 tenuiores
1756 3241 1951 3274 vexans.
1987 3229 2062 3274 Ita
2090 3228 2246 3275 Gron.
2268 3229 2381 3277 loco
2405 3231 2505 3277 lau-

1485 3306 1600 3352 dato
1618 3322 1668 3369 p.
1697 3305 1815 3366 599.

1555 3401 1603 3431 2.
1649 3382 1791 3431 Nihil
1822 3384 1872 3430 in
1900 3383 2151 3446 publicum
2182 3388 2496 3444 secernendo,

1481 3464 1596 3511 vide
1617 3462 1679 3509 ad
1705 3463 1780 3520 11,
1812 3478 1843 3526 9
1860 3497 1874 3520 ,
1903 3478 1952 3508 n.
1978 3470 2024 3518 4.
2053 3490 2122 3498 -
2152 3462 2395 3528 Celsique,
2422 3482 2500 3514 ca-

1481 3543 1585 3607 pite
1619 3541 1841 3600 snblato,
1872 3541 2064 3601 erecto,
2098 3542 2229 3589 unde
2265 3544 2496 3606 spiritua,

1479 3621 1660 3667 fiducia
1684 3632 1733 3668 et
1755 3621 1955 3668 audacia
1978 3633 2259 3688 appareret3
2281 3623 2394 3670 Ern.
2413 3626 2501 3672 Est

1480 3699 1676 3746 habitus
1694 3699 1906 3746 hominis
1920 3735 1932 3758 ,
1955 3698 2049 3746 sibi
2066 3700 2330 3747 admodum
2351 3701 2501 3750 confi-

1483 3777 1670 3834 dentis,
1702 3788 1756 3824 ut
1782 3777 1912 3840 apud
1939 3778 2042 3826 Cic.
2066 3779 2152 3826 Or.
2177 3781 2228 3836 Ι,
2254 3787 2340 3837 4ος
2363 3783 2498 3829 Orat.

1481 3872 1589 3919 cap.
1622 3857 1710 3912 183
1752 3865 1800 3901 et
1837 3856 1982 3902 Tuae.
2005 3857 2070 3913 V,
2103 3864 2181 3911 14.
2221 3858 2400 3906 Confer
2436 3859 2499 3907 ad

1481 3934 1567 3981 Sil.
1593 3935 1666 3991 11,
1699 3933 1828 3991 4543
1855 3935 2034 3991 XVII,
2066 3936 2194 3993 125,
2224 3936 2340 3986 520.
2373 3940 2498 3987 Mox

1481 4014 1536 4063 τὸ
1575 4012 1733 4078 inquit
1770 4013 1894 4060 forte
1932 4013 2054 4066 del..
2099 4015 2211 4077 quia
2253 4018 2500 4081 pra-cessit

1482 4092 1744 4139 exclamat.
