3000 4717
479 305 529 343 Α.
558 305 599 343 e.
628 303 716 354 ³7⁴·

477 365 714 418 110370,
764 324 1065 391 LIBER
1113 322 1241 391 vl.
1299 324 1505 392 cAP.
1559 329 1885 398 XXXII.
1939 335 2308 404 xxxm.
2397 338 2533 411 303

423 445 755 514 societate
789 442 1110 512 militiam
1146 467 1519 513 romanam
1556 444 1855 536 edoctae,
1883 452 2266 525 restabant.
2296 462 2535 555 Eques

418 553 775 623 immissus
800 551 1089 622 ordines
1116 551 1461 642 turbavit3
1495 553 1803 626 turbatis
1829 559 2022 654 signa
2042 564 2364 658 peditum
2387 570 2534 641 illa-

419 676 490 733 ta
511 676 1044 759 :quantumque
1059 686 1355 732 romana
1375 688 1448 733 se
1464 664 1732 734 invexit
1751 668 1935 737 acies
1952 721 1970 755 ‚
1990 682 2268 742 tantum
2291 675 2534 752 hostes

403 773 646 869 ‘gradu
682 772 1022 843 demoti⁴.
1055 778 1142 843 Et
1170 786 1251 842 ut
1284 774 1506 844 semel
1543 774 1904 857 inclinavit
1941 803 2214 878 pugna,
2239 785 2385 878 jam
2422 790 2532 858 in-

415 879 805 952 tolerabilis
847 905 1145 952 romana
1187 884 1293 952 vis
1337 898 1511 954 erat.
1562 887 1727 955 Fusi
1768 886 2011 959 hostes
2049 917 2275 988 quum
2315 900 2532 968 Satri-

415 1016 616 1079 cum,
647 991 847 1088 quod
886 991 1034 1063 duo
1067 987 1289 1063 'millia
1329 994 1496 1064 inde
1535 993 1820 1086 aberat,
1859 1023 2011 1069 non
2045 1017 2309 1090 castra,
2352 1020 2536 1101 pete·

412 1116 576 1171 rent
588 1097 616 1190 ,⁸
626 1100 718 1172 ab
736 1103 1059 1199 equitatu
1074 1104 1379 1173 maxime
1401 1105 1580 1174 caesiz
1599 1109 1844 1177 Castra
1860 1123 2066 1205 capta
2082 1109 2528 1211 direptaque.

411 1211 524 1281 Ab
551 1214 820 1283 Satrico
849 1227 1061 1283 nocte
1080 1239 1288 1310 ,quae
1306 1215 1556 1311 praelio
1576 1218 1904 1314 proxima
1928 1219 2092 1310 fuit,
2120 1221 2304 1322 fugae
2324 1227 2532 1298 simili

303 1377 318 1390 ,
407 1322 689 1416 agmine
725 1336 991 1419 petunt
1030 1325 1324 1394 Antium
1352 1351 1368 1393 ε
1416 1340 1487 1394 et
1522 1351 1750 1422 quum
1789 1353 2135 1403 romanus
2176 1338 2530 1430 exercitus

411 1451 640 1527 prope
678 1433 986 1527 vestigiis
1026 1448 1449 1529 sequeretur
1472 1430 1525 1522 ⁵,
1560 1437 1722 1532 plus
1761 1453 1999 1511 tamen
2038 1444 2276 1533 timor,
2310 1469 2527 1543 quam

407 1538 510 1608 ira
528 1593 547 1626 ‚
592 1539 967 1611 celeritatis
1001 1541 1274 1613 habuit.
1324 1545 1526 1614 Prius
1575 1547 1817 1644 itaque
1863 1553 2128 1622 moenia
2173 1556 2525 1631 intravere

408 1646 684 1739 hostes,
705 1673 924 1747 quam
959 1659 1323 1725 Romanus
1361 1669 1680 1728 extrema
1705 1662 2001 1757 agminis
2037 1689 2367 1763 carpere,
2402 1686 2526 1742 aut

406 1764 673 1830 morari
711 1778 972 1859 posset.
1001 1762 1176 1834 Inde
1205 1764 1478 1861 aliquot
1511 1766 1660 1840 dies
1681 1772 2027 1844 vastando
2050 1800 2223 1873 agro
2246 1779 2524 1851 absum·

405 1870 547 1965 pti,
590 1895 725 1942 nec
758 1874 1095 1943 Romanis
1137 1875 1303 1944 satis
1341 1876 1707 1948 instructis
1749 1898 2096 1978 apparatu
2134 1883 2399 1960 bellico
2433 1890 2521 1960 ad

402 1984 666 2054 moenia
705 1984 1218 2082 aggredienda,
1261 2007 1395 2057 nec
1445 1987 1581 2058 illis
1627 1989 1716 2059 ad
1767 1992 2227 2065 subeundum
2265 2021 2521 2096 pugnae

400 2115 667 2163 casum.
902 2144 908 2148 -
1584 2143 1594 2150 ·

494 2209 820 2275 XXXIII.
866 2204 1134 2275 Seditio
1171 2219 1327 2275 tum
1365 2205 1554 2277 inter
1581 2212 1898 2282 Antiates
1928 2216 2364 2312 Latinosque
2400 2243 2518 2289 co-

396 2317 555 2384 orta
572 2368 591 2402 ,
628 2339 855 2411 quum
886 2317 1239 2404 AntiateS‚
1276 2319 1445 2388 victi
1478 2320 1681 2391 malis
1718 2323 2143 2422 subactique
2178 2323 2374 2399 bello
2393 2385 2410 2417 ‚
2443 2331 2521 2399 in

400 2442 550 2513 quo
579 2436 654 2490 et
682 2425 829 2492 nati
862 2439 1062 2495 erant
1081 2435 1134 2511 ¹,
1162 2440 1233 2494 et
1266 2448 1794 2504 consenuerant
1817 2488 1836 2522 ‚
1875 2435 2318 2509 deditionem
2353 2464 2518 2537 spe-

398 2542 713 2616 ctarent3
751 2532 1043 2601 Latinos
1082 2557 1169 2603 ex
1198 2534 1475 2606 diutina
1501 2562 1678 2635 pace
1710 2567 1896 2614 nova
1932 2544 2238 2619 desectio
2279 2573 2516 2621 recen—

396 2734 585 2800 reliqua
615 2737 754 2794 belli,
786 2737 1056 2800 similiaque
1080 2736 1198 2795 alia,
1235 2739 1414 2801 passim

396 2815 527 2879 apud
538 2815 773 2864 Nostrum
786 2811 833 2864 et
852 2815 985 2880 apud
995 2815 1223 2879 optimos.
1238 2816 1329 2864 En.
1343 2845 1413 2852 —

399 2895 464 2940 Ut
485 2896 700 2944 nondum
739 2896 858 2943 satis
899 2895 1086 2943 claram
1118 2894 1378 2942 victoriam
1392 2930 1408 2952 ‚

393 2973 695 3024 manifestam
708 3011 723 3035 ,
747 3023 751 3027 ,
775 2986 952 3022 certam
964 3010 978 3033 ,
1020 2973 1088 3021 sie
1105 3008 1117 3021 .
1135 3008 1147 3020 .
1166 3007 1177 3020 .
1194 2973 1407 3031 diremit,

394 3052 508 3098 vide
536 3052 600 3100 ad
617 3056 714 3112 VI,
740 3055 769 3101 8
786 3088 800 3111 ,
836 3070 887 3100 n.
928 3055 974 3100 3.
1005 3072 1070 3090 -·-
1095 3054 1190 3100 Pro
1223 3054 1411 3101 claram

392 3129 677 3189 victoriam,
708 3134 834 3180 forte
846 3149 1084 3197 gnaram,
1114 3132 1169 3179 id
1182 3143 1255 3179 est
1268 3167 1282 3189 ‚
1314 3149 1411 3180 cer-

383 3219 507 3256 mn.
539 3211 670 3258 Tm.
702 3214 883 3259 Fun.
907 3212 1167 3275 Vulgttum
1209 3222 1408 3260 tuentur

391 3302 563 3336 omnes
572 3280 791 3347 codices,
810 3290 946 3353 quod
966 3301 1014 3337 et
1026 3292 1302 3355 patrocinio
1316 3308 1406 3340 suo

390 3367 609 3415 defendit
650 3368 987 3418 celeberrimus
1037 3370 1298 3419 Burmann.
1345 3371 1408 3419 ad

391 3447 550 3493 Valet.
581 3446 737 3494 Flacc.
764 3446 962 3504 lib.vl‚
993 3463 1119 3495 vers.
1153 3451 1274 3506 181,
1317 3448 1406 3495 do·-

389 3541 527 3583 oens,
545 3541 731 3589 gnarus
750 3540 809 3572 eo
833 3541 1001 3581 sensu,
1024 3541 1124 3587 quo
1148 3526 1303 3574 Faber
1324 3543 1407 3575 vo-

386 3605 505 3662 luit,
533 3605 679 3668 genio
698 3604 879 3667 linguae
906 3603 1067 3651 latinae
1092 3619 1193 3651 non
1224 3621 1403 3654 conve-

385 3684 492 3730 nire
514 3717 529 3742 ‚
570 3684 762 3731 claram
793 3694 954 3731 autem
1000 3682 1261 3732 victoriam
1302 3701 1405 3734 esee

383 3763 701 3810 manifestam.
744 3766 819 3810 Ita
858 3763 998 3808 clara
1041 3761 1143 3808 dies
1174 3774 1248 3810 est
1285 3763 1405 3811 silio

383 3843 491 3890 Ital.
533 3842 621 3889 lib.
647 3843 751 3898 VI,
789 3857 914 3888 vers.
954 3841 1053 3896 452
1080 3876 1096 3899 ‚
1132 3861 1157 3882 e<
1183 3842 1405 3888 Vixdum

384 3922 509 3969 clara
526 3922 630 3969 dies
644 3936 829 3968 summa
840 3919 1074 3967 lustrabat
1085 3920 1137 3966 in
1148 3921 1274 3968 OEta
1284 3922 1405 3967 Her-

382 4001 508 4048 culei
526 4011 837 4050 monumenta
856 3999 979 4063 rogi.
999 4020 1024 4039 υ
1044 4001 1200 4061 Quam
1221 4010 1403 4046 certam

385 4080 536 4127 lucem
563 4092 705 4128 vocat
730 4080 910 4126 Livius.
939 4078 1024 4127 lib.
1051 4079 1153 4139 lx,
1182 4094 1288 4141 cap.
1318 4086 1397 4133 42.

1499 2745 1615 2791 Alio
1650 2762 1795 2796 sensu
1833 2750 1972 2797 clara
1995 2751 2208 2800 victoria
2245 2757 2516 2821 opponitur

1501 2821 1722 2871 obscurae
1743 2825 1827 2872 lib.
1852 2829 2057 2886 XXIII,
2085 2846 2191 2894 cap.
2221 2832 2301 2879 53.
2328 2836 2416 2881 En.
2444 2863 2514 2872 —

1498 2900 1787 2959 Restabant,
1819 2903 1932 2951 vide
1949 2905 2010 2951 ad
2024 2908 2123 2966 IV,
2143 2910 2206 2955 58
2220 2943 2235 2967 ,
2267 2926 2317 2957 n.
2340 2912 2388 2959 5.

1573 2987 1620 3034 4.
1638 2982 1809 3028 Hostes
1819 2982 1983 3045 gradu
2003 2984 2204 3042 demoti,
2227 2987 2340 3036 vide
2359 2989 2421 3036 ad
2439 2993 2509 3049 II,

1505 3073 1568 3105 10
1580 3094 1594 3117 ,
1609 3075 1658 3106 n.
1673 3074 1718 3119 7.
1735 3086 1804 3095 —
1822 3061 2145 3110 Intolerabilis
2162 3064 2240 3112 vis
2256 3079 2363 3114 erat
2374 3104 2391 3125 ,
2412 3085 2513 3117 non

1498 3137 1681 3187 diutius
1706 3139 1924 3199 tolerari,
1948 3142 2174 3189 sustineri
2198 3156 2405 3209 poterat.

1571 3218 1618 3266 5.
1656 3219 1911 3265 Exercitus
1928 3236 2084 3284 prope
2104 3224 2318 3288 vestigiis
2347 3243 2512 3291 seque·

1494 3306 1642 3354 retur,
1669 3298 1855 3346 scilicet
1878 3296 2043 3346 hostes
2058 3334 2072 3358 ‚
2094 3312 2149 3348 ut
2166 3304 2267 3361 IX,
2298 3306 2363 3360 45
2384 3319 2506 3354 extr.

1495 3374 1599 3439 auf
1608 3375 1695 3422 der
1710 3379 1836 3439 Spar
1846 3411 1862 3433 ,
1890 3378 1988 3442 atqf
1999 3377 2107 3426 dem
2131 3382 2288 3429 Fusse.
2307 3411 2377 3420 —-
2394 3387 2509 3433 Plus

1494 3463 1654 3501 tamen
1684 3455 1854 3516 timor,
1891 3455 2057 3505 hostes
2089 3460 2314 3509 timentes
2339 3464 2417 3511 vel
2443 3464 2508 3512 ob

1492 3525 1741 3585 timorem,
1763 3544 1911 3592 quam
1930 3529 2005 3576 ira
2020 3565 2034 3586 ,
2060 3531 2171 3579 irati
2184 3534 2392 3580 Romani
2405 3569 2419 3593 ,
2433 3551 2507 3582 ce-

1493 3603 1695 3652 leritatis
1707 3604 1880 3654 habuit
1892 3624 1910 3654 .·
1926 3608 2007 3654 vel
2028 3608 2198 3656 habuit
2217 3626 2310 3674 pro
2329 3613 2506 3661 effecit.

1492 3705 1561 3720 -——
1583 3685 1819 3731 Extrema
1841 3686 2047 3749 agminis
2064 3704 2292 3751 carpere,
2314 3689 2425 3737 vide
2446 3691 2508 3738 ad

1491 3763 1594 3819 111,
1623 3762 1680 3820 5,
1702 3779 1755 3810 n.
1793 3779 1844 3820 1,
1872 3774 1921 3811 et
1938 3765 2026 3820 IV,
2046 3780 2136 3825 27,
2156 3783 2208 3814 n.
2235 3782 2277 3813 1.

1563 3840 1683 3888 Cn·-
1711 3843 1959 3888 XXXIII.
1992 3857 2034 3889 1.
2062 3845 2287 3892 Antiates
2313 3846 2362 3893 in
2385 3848 2505 3896 bello

1483 3919 1601 3966 nati
1619 3931 1792 3977 erant,
1823 3922 1992 3968 confer
2009 3923 2085 3977 II,
2114 3925 2204 3983 653
2231 3927 2332 3983 III,
2372 3942 2414 3973 1.
2436 3956 2505 3965 -—-

1491 3999 1796 4047 Deditionem
1816 4011 2109 4063 spectarent,
2140 4001 2196 4075 id
2211 4018 2408 4068 agerent
2421 4042 2435 4065 ‚
2451 4021 2507 4056 ut

1492 4094 1543 4126 se
1563 4078 1795 4126 dederent
1806 4080 2056 4127 Romanis.
2072 4078 2151 4128 Cf.
2169 4082 2229 4128 ad
2248 4086 2271 4129 Ι
2284 4120 2296 4143 ,
2319 4100 2349 4147 9
2362 4121 2375 4144 ,
2396 4104 2443 4133 n.
2458 4087 2504 4135 3.
