3000 4717
472 397 522 434 Α.
553 395 599 434 C.
622 392 712 431 336.

473 451 713 498 mm.
941 409 1247 491 LIBER
1295 409 1515 477 vul.
1565 395 1776 476 CAP.
1831 412 2008 477 ΧΠ.
2381 404 2514 502 457

423 532 628 626 eujus
647 530 869 601 ductu
887 530 1349 626 auspicioque
1367 552 1481 598 res
1503 541 1714 624 gestae
1733 542 1936 598 erant
1953 582 1973 614 ,
1990 529 2067 596 in
2089 526 2529 599 deditionem

422 641 810 737 accipiente
845 639 1105 709 latinos
1126 637 1470 735 populos»,
1503 661 1817 732 quorum
1844 635 1963 722 ibi,
1976 636 2318 730 juventus
2351 661 2528 708 caesa

421 764 604 837 erat,
642 750 955 820 AEmilius
1008 748 1098 819 ad
1129 747 1398 818 Pedum
1445 750 1837 819 exereitum
1887 747 2158 817 duxitv.
2203 746 2526 820 Pedanos

418 859 757 930 tuebatur
789 858 1058 945 tiburS,
1092 858 1564 955 praenestinus
1596 857 2132 952 veliternusque
2169 854 2522 951 populus:

422 982 767 1040 venerant
795 985 867 1040 et
898 968 988 1039 ab
1016 971 1317 1039 Lavinio
1338 965 1365 1011 ⁸
1400 969 1765 1064 Antioque
1797 966 2076 1037 auxilia.
2123 963 2268 1035 Ubi
2298 988 2528 1058 quum
2588 1022 2593 1026 .

423 1078 687 1175 praeliis
727 1078 1021 1174 quidem
1062 1080 1391 1175 superior
1439 1084 1808 1148 Romanus
1858 1091 2078 1163 esset,
2136 1074 2227 1144 ad
2269 1072 2527 1144 urbem

418 1189 646 1284 ipsam
690 1187 995 1278 Pedum,
1040 1204 1411 1285 castraque
1447 1188 1806 1257 sociorum
1847 1185 2327 1282 populorum,
2369 1206 2529 1278 quae

417 1294 582 1365 urbi
619 1293 966 1389 adjuncta'
990 1311 1193 1368 erant
1213 1351 1233 1383 ,
1261 1298 1538 1392 integer
1561 1294 1762 1366 labor
1795 1306 2178 1380 restaret93
2207 1293 2398 1364 bello
2426 1292 2529 1361 in-

417 1404 604 1476 fecto
635 1422 937 1502 repente
975 1408 1273 1493 omisso,
1306 1406 1596 1493 consul,
1632 1408 1802 1501 quia
1835 1404 2121 1501 collegae
2144 1403 2528 1474 decretum

418 1516 869 1612 triumphum
889 1518 1171 1587 audivit
1192 1572 1212 1600 ‚
1239 1518 1393 1612 ipse
1424 1540 1721 1612 quoque
1749 1514 2099 1611 triumphi
2122 1527 2285 1584 ante
2316 1514 2532 1583 victo-

415 1626 590 1695 riam
636 1624 989 1722 flagitator
1015 1632 1316 1696 Romam
1352 1626 1588 1697 rediit.
1624 1631 1783 1717 Qua
1811 1625 2202 1723 cupiditate
2238 1621 2533 1694 offensis

415 1733 769 1821 PatribuS,
808 1734 1421 1831 negantibusque,
1465 1737 1602 1805 nisi
1627 1735 1820 1806 Pedo
1855 1750 2066 1832 capto
2103 1751 2226 1806 aut
2252 1734 2526 1820 dedito,

418 1843 900 1940 triumphum,
945 1844 1115 1915 hinc
1160 1845 1510 1916 alienatus
1552 1845 1659 1916 ab
1685 1860 1937 1917 senatu
1985 1846 2301 1917 AEmilius
2339 1844 2526 1916 sedi-

418 1954 618 2024 tiosis
655 1953 1144 2025 tribunatibus
1178 1956 1479 2026 similem
1511 1955 1773 2027 deinde
1807 1956 2259 2027 consulatum
2289 1957 2526 2052 gessit.

414 2066 595 2134 Nam
623 2087 899 2158 neque,
936 2064 1178 2160 quoad
1216 2063 1349 2135 fuit
1388 2066 1749 2153 consul10‚
1779 2067 2140 2136 criminari
2183 2064 2374 2161 apud
2402 2085 2526 2162 po-

411 2172 667 2269 pulum
711 2177 954 2246 Patres
1004 2174 1312 2258 destitit,
1356 2175 1629 2273 collega
1671 2175 2234 2272 haudquaquam
2274 2174 2525 2245 adver—

413 2296 649 2369 sante,
687 2285 854 2378 quia
896 2299 967 2355 et
1012 2287 1162 2382 ipse
1199 2286 1288 2356 de
1334 2286 1548 2383 plebe
1594 2301 1743 2358 erat
1778 2315 1793 2357 :
1840 2287 2248 2383 (materiam
2284 2299 2525 2356 autem

413 2391 774 2485 praebebat
819 2395 1238 2469 criminibus
1259 2408 1314 2439 ¹¹
1350 2422 1518 2494 ager
1548 2399 1623 2468 in
1653 2400 1874 2469 latino
1900 2396 2322 2492 falernoque
2352 2420 2525 2494 agro

412 2499 723 2596 maligne
755 2503 995 2597 plebei
1036 2506 1343 2602 divisus)
1380 2522 1485 2595 et,
1521 2525 1907 2605 postquam
1950 2522 2275 2596 senatus,
2315 2504 2523 2577 finire

411 2606 796 2702 imperium
845 2613 1262 2684 consulibus
1317 2620 1650 2713 cupiens,
1712 2619 2129 2690 dictatorem
2190 2617 2524 2688 adversus

411 2834 479 2842 -—
498 2808 806 2855 Ferentinum
837 2810 954 2857 urbs
994 2821 1066 2857 est
1090 2811 1243 2870 Latii,
1278 2821 1327 2857 et
1362 2812 1423 2859 de

408 2901 531 2948 aqua
552 2898 599 2934 et
614 2887 725 2934 luco
753 2889 1021 2936 Ferentinae
1048 2890 1232 2943 mentio
1252 2890 1375 2936 facta
1395 2907 1422 2937 a

409 2964 551 3012 Livio
574 2977 647 3014 est
667 2982 813 3030 supra
832 2972 879 3026 Ι,
913 2969 941 3015 5
953 2984 996 3026 ι,
1021 2980 1069 3034 et
1088 2968 1221 3014 alibi.
1243 2965 1338 3015 En.
1360 2996 1421 3005 -

409 3043 547 3106 Legit
571 3045 764 3093 Cluver.
793 3048 892 3110 ital.
920 3048 1037 3095 Ant.
1062 3063 1106 3095 c.
1129 3055 1185 3105 4,
1216 3064 1266 3111 p.
1291 3047 1392 3108 965
1406 3081 1421 3105 ,

411 3121 635 3171 Pedana.
657 3126 799 3173 Conf.
819 3126 881 3172 ad
900 3129 1003 3185 111,
1028 3127 1119 3184 5'0,
1145 3139 1195 3175 n.
1223 3141 1265 3174 1.

482 3214 528 3256 7.
556 3202 643 3248 Ad
658 3204 844 3251 Pedum
868 3205 1130 3251 exercitum
1156 3206 1324 3263 duxit,
1355 3206 1417 3253 ef.

410 3275 472 3321 nd
490 3293 597 3341 cap.
621 3296 666 3339 1,
691 3297 742 3329 n.
769 3298 814 3330 1.

481 3358 530 3403 8.
551 3359 630 3404 Ab
655 3359 880 3415 Lavinio,
906 3360 967 3406 al.
993 3362 1226 3408 Lanuvio.
1256 3362 1352 3410 Sed
1367 3380 1414 3410 v.

409 3433 471 3480 ad
496 3451 602 3499 cap.
625 3438 711 3494 13,
736 3454 784 3483 ιι.
810 3445 856 3492 4.

479 3527 528 3574 9.
556 3517 751 3578 Integer
775 3517 915 3563 labor·
940 3528 1165 3574 restaret,
1201 3521 1333 3567 conf.
1356 3521 1420 3568 ad

409 3591 485 3649 11,
514 3592 563 3649 5,
583 3610 634 3639 ιι.
658 3608 700 3641 t.

483 3685 562 3717 10.
579 3672 710 3718 Nam
727 3687 906 3735 nequo,
929 3674 1100 3735 quoad
1098 3674 1207 3739 fi‘i‘
1224 3678 1413 3735 consul,

408 3748 821 3807 criminari...et,
854 3762 946 3798 etc.
970 3753 1036 3798 of.
1060 3755 1149 3811 IV,
1176 3769 1268 3816 99,
1293 3772 1341 3803 ιι.
1369 3758 1415 3803 3.

482 3842 503 3872 ι
517 3842 559 3875 ι.
591 3829 848 3878 Materiam
874 3841 1036 3877 autem
1049 3832 1301 3893 proebebat
1324 3835 1416 3881 cri-

407 3905 610 3953 minibus
631 3907 771 3972 (vide
800 3907 864 3954 ad
885 3910 961 3954 III
979 3943 993 3967 ,
1025 3924 1112 3969 19,
1139 3927 1188 3957 ιι.
1212 3911 1271 3977 7)
1299 3929 1419 3977 ager·

407 3984 455 4031 in
483 3984 651 4032 'latino
667 3985 966 4049 fhlemoque
1000 4004 1147 4052 agro.
1161 4023 1173 4036 .
1187 3989 1410 4049 divisus,

406 4063 536 4109 conf.
552 4075 695 4128 capa
712 4081 754 4113 1.
769 4064 880 4111 Scio
897 4081 1042 4130 posse
1062 4069 1278 4115 excusari
1298 4085 1418 4134 ager

405 4139 455 4187 in
490 4158 611 4207 agro
621 4179 637 4201 ‚
676 4159 826 4206 quum
866 4144 1030 4207 priore
1071 4146 1183 4194 loco
1229 4159 1415 4211 partem

1513 2815 1714 2877 proprie
1740 2816 1869 2863 illam
1897 2816 2118 2879 designet
2134 2850 2148 2873 ,
2175 2833 2282 2878 quae
2309 2817 2400 2863 sub
2423 2834 2525 2864 sor-

1513 2902 1610 2938 tem
1659 2903 1707 2939 et
1753 2895 1986 2956 perticam
2034 2894 2169 2940 venit
2184 2928 2197 2949 ‚
2253 2895 2523 2957 posteriore

1511 2985 1655 3016 omne
1680 2971 1978 3018 territorium
2005 2988 2169 3018 eorum
2193 2973 2490 3035 populorum
2510 2989 2523 3021 :

1510 3049 1597 3095 sed
1622 3049 1785 3097 malim
1808 3050 1967 3097 delere
1995 3051 2049 3101 τὸ
2081 3067 2231 3115 agro,
2266 3061 2315 3097 et
2342 3051 2521 3098 intelli-

1510 3141 1620 3190 gere
1643 3128 1765 3175 illud
1786 3129 1945 3193 ipsum
1961 3165 1975 3188 ,
1999 3130 2077 3176 vel
2096 3130 2224 3185 solo,
2255 3139 2308 3176 ut
2323 3131 2399 3176 111
2416 3163 2431 3188 ,
2458 3131 2490 3177 6
2507 3163 2527 3188 ,

1508 3223 1556 3253 ιι.
1578 3208 1638 3265 6,
1672 3207 1720 3254 in
1753 3207 1972 3264 hemico,
2003 3219 2049 3255 et
2077 3208 2189 3255 insr.
2217 3225 2260 3255 c.
2292 3210 2358 3264 34
2390 3207 2522 3273 (VI,
2558 3269 2567 3276 ⁹

1511 3287 1603 3345 3¹3
1640 3288 1845 3344 XXIII,
1883 3302 1980 3346 27:
2017 3288 2270 3345 XXVIII,
2313 3286 2440 3351 24),
2469 3287 2519 3334 in

1495 3376 1710 3428 pacato,
1733 3365 1781 3412 in
1807 3364 1990 3412 hostico
2005 3384 2024 3422 ,·
2047 3368 2266 3414 Gronov.
2292 3368 2371 3413 Sic
2394 3379 2443 3414 et
2471 3368 2521 3414 in

1507 3443 1690 3491 veienti
1699 3446 1795 3501 VI,
1821 3453 1905 3503 14,
1929 3460 1978 3491 n.
2001 3462 2059 3506 93
2078 3443 2125 3490 in
2145 3444 2326 3491 amiati
2341 3447 2496 3493 XXII
2506 3479 2520 3503 ,

1514 3537 1559 3580 1,
1586 3539 1637 3571 ιι.
1665 3523 1752 3582 153
1780 3523 1828 3570 in
1859 3535 2094 3587 capenaee
2124 3525 2382 3580 XXXIII,
2419 3525 2523 3582 263

1508 3602 1559 3647 in
1591 3603 1884 3650 crustumino
1917 3606 2063 3663 XLI,
2092 3605 2184 3661 133
2217 3602 2266 3649 in
2293 3602 2523 3650 lanuvino

1507 3681 1650 3739 XLI,
1682 3696 1765 3729 9ι.
1785 3682 1928 3730 Conf.
1951 3682 2015 3730 ad
2037 3684 2135 3741 VI,
2158 3684 2239 3740 31,
2264 3698 2314 3729 ιι.
2347 3683 2522 3740 331,

1507 3774 1593 3817 27,
1618 3775 1667 3806 n.
1691 3761 1748 3822 33
1773 3771 1823 3808 et
1845 3762 1922 3818 X,
1955 3762 2046 3820 39,
2071 3777 2121 3808 ιι.
2146 3776 2189 3809 ι.
2213 3785 2283 3798 ·-
2310 3761 2426 3808 Non
2449 3761 2524 3809 vi-

1507 3837 1600 3884 deo
1621 3853 1708 3884 eur
1726 3853 1780 3885 ea
1803 3854 1906 3885 vox
1930 3855 2051 3903 agro
2070 3849 2291 3903 suspecta
2316 3855 2420 3888 esse
2445 3841 2527 3890 de·

1506 3915 1616 3982 beat
1625 3916 1732 3963 viro
1747 3916 1895 3963 docto
1908 3918 1992 3980 qui
2004 3917 2244 3981 patienter
2254 3918 2365 3966 tulit
2376 3935 2523 3985 supra

1504 3995 1650 4058 capit.
1671 3995 1881 4058 praeeed.
1903 3993 2081 4043 lacinus
2098 4011 2232 4061 ager,
2253 3998 2526 4061 Privernati

1503 4073 1675 4119 addito
1695 4090 1815 4138 agro
1826 4110 1842 4132 ,
1865 4074 2144 4140 eesalernus
2153 4076 2291 4139 plebi
2304 4093 2522 4127 mmanae

1504 4151 1877 4203 dividitur.vide
1896 4154 2041 4202 Drak.
2063 4154 2127 4203 ad
2146 4159 2194 4215 1,
2214 4157 2264 4205 3.
2286 4158 2380 4205 En.
