3000 4717
2301 266 2351 303 A.
2380 262 2428 302 C.
2459 266 2554 312 340.

487 281 627 367 408
1325 289 1404 355 Τ.
1465 288 1739 355 lell
2299 323 2553 373 U.c.412.

487 404 789 475 Decium
847 407 1160 502 primum
1219 429 1382 504 spes
1435 407 1669 479 tenuit
1690 462 1710 496 ,
1781 430 1945 477 cum
2000 402 2480 477 subeuntibus
2523 409 2605 476 in

484 512 862 585 adversum
904 516 1162 588 collem
1203 543 1291 589 ex
1334 519 1705 616 superiore
1742 516 1905 588 loco
1943 541 2017 588 se
2053 515 2545 614 pugnaturum
2580 544 2598 584 ε

482 621 745 695 deinde
784 625 1157 698 admiratio
1192 629 1520 715 incessit,
1558 627 1759 723 quod
1797 649 2274 723 necapugnam
2307 626 2598 713 inirent,

482 757 653 820 nec,
698 736 751 804 si
807 734 897 810 ab
940 762 1027 807 eo
1076 738 1375 809 consilio
1425 739 1804 834 iniquitate
1855 737 1995 807 loci
2033 736 2597 823 deterrerentur,

484 867 705 939 opere
750 869 826 916 se
866 846 1199 944 valloque
1243 847 1793 919 circumdarent.
1830 852 2014 918 Tum
2055 843 2598 916 centurionibus

484 952 576 1022 ad
621 978 696 1023 se
736 957 1050 1026 vocatis:
1089 987 1123 1021 ι(
1149 960 1497 1048 Quaenam
1533 956 1650 1027 illa
1687 957 1962 1027 inscitia
1991 954 2165 1025 belli
2205 978 2285 1024 ac
2322 954 2603 1050 pigritia

484 1090 519 1126 «
552 1064 701 1132 est?
719 1079 843 1135 aut
862 1091 1178 1161 quonam
1205 1066 1429 1137 modo
1457 1068 1574 1136 isti
1604 1091 1692 1135 ex
1720 1064 2047 1136 Sidicinis
2076 1063 2600 1161 Campanisque

488 1202 520 1236 κ
556 1173 928 1246 victoriam
952 1177 1437 1274 pepererunt?
1453 1182 1613 1246 Huc
1636 1189 1854 1271 atque
1878 1172 2049 1244 illuc
2074 1174 2274 1270 signa
2292 1173 2565 1244 moveri
2580 1226 2600 1260 ,

486 1311 521 1346 «
557 1307 638 1353 ac
666 1284 930 1356 modo
913 1310 989 1356 in
1014 1310 1243 1357 unum
1268 1284 1610 1369 conferri,
1637 1282 1859 1355 modo
1879 1284 2088 1355 educi
2098 1283 2389 1354 videtis·
2374 1307 2601 1380 ,opus

483 1424 517 1458 «
552 1394 887 1490 quidem
870 1398 1123 1494 incipit
1144 1420 1393 1484 nem0,
1417 1420 1645 1491 quum
1662 1394 1810 1489 jam
1830 1391 2250 1464 circumdati
2271 1337 2458 1461 vallo
2480 1413 2602 1486 po-

482 1533 515 1567 «
550 1506 899 1575 tuerimus
929 1530 1103 1577 esse.
1123 1512 1306 1577 Tum
1335 1531 1510 1578 vero
1543 1530 1677 1576 nos
1711 1504 1975 1575 similes
2000 1506 2315 1602 “istorum
2346 1504 2601 1589 simus,

482 1642 516 1677 κ
551 1614 608 1684 si
639 1613 911 1685 diutius
934 1614 1051 1686 hic
1072 1641 1465 1703 moremur,
1497 1640 1718 1712 quam
1745 1614 2210 1687 commodum
2238 1615 2350 1684 sit.
2375 1614 2601 1710 Agite·

483 1751 517 1785 κ
550 1721 750 1812 dum,
771 1724 868 1797 ite
886 1750 1197 1816 mecum,
1219 1741 1332 1817 ut,
1358 1726 1535 1797 dum
1557 1726 1738 1797 lucis
1763 1724 2032 1831 aliquid
2062 1722 2602 1820 superest,qui-

483 1860 517 1896 «
549 1829 688 1901 bus
731 1778 906 1905 locis
947 1783 1274 1931 praesidia
1313 1851 1629 1959 ponant,
1669 1860 1814 1933 qua
1846 1848 2085 1933 pateat
2124 1833 2293 1903 hinc
2335 1833 2602 1918 exituS,

485 1973 519 2006 «
558 1942 1099 2039 exploremus.»
1136 1951 1304 2016 Haec
1342 1947 1586 2016 omnia
1627 1946 1874 2042 sagulo
1920 1944 2231 2043 gregali7
2273 1944 2601 2031 amictus,

486 2052 1034 2126 centurionibus
1068 2056 1239 2132 item
1266 2056 1826 2154 manipularium
1853 2054 2162 2125 militum
2192 2052 2446 2122 habitu
2482 2052 2606 2123 du-

467 2163 646 2268 ¹ctiS,
669 2188 761 2234 ne
781 2165 1037 2238 ducem
1066 2167 1442 2237 circumire
1464 2166 1709 2240 hostes
1733 2179 2105 2249 notarent,
2126 2162 2602 2262 perlustravit.

581 2277 866 2347 XXXV.
906 2275 1176 2373 Vigiliis
1215 2274 1476 2347 deinde
1516 2277 1912 2372 dispositiS,
1962 2275 2229 2346 caeteris
2266 2271 2605 2344 omnibus

485 2394 825 2451 tesseram
872 2383 1026 2453 dari
1060 2383 1310 2478 jubet1
1362 2412 1377 2454 :
1420 2384 1563 2486 ubi·
1592 2385 1931 2457 secundae
1981 2385 2256 2481 vigiliae
2303 2381 2607 2455 buccina

485 2489 738 2559 datum
768 2497 1055 2590 signum
1085 2510 1262 2564 esset
1274 2505 1329 2580 ²,
1358 2500 1635 2566 armati.
1649 2519 1812 2566 cum
1835 2492 2107 2567 silentio
2136 2491 2245 2565 ad
2261 2517 2334 2564 se
2360 2517 2606 2564 conve-

558 2711 607 2756 7.
632 2697 812 2762 Sagala
832 2697 1052 2762 gregali,
1081 2700 1197 2748 vide
1227 2697 1359 2765 Li'ps.
1388 2700 1498 2749 Mil.

483 2778 716 2851 rom—II,
753 2790 832 2823 ια.
860 2777 1125 2839 Quomodo
1161 2791 1321 2826 tamen
1350 2778 1449 2827 hoo
1473 2795 1503 2825 a

483 2869 601 2918 sago
643 2854 823 2902 ducum
868 2854 1112 2905 diversum
1149 2857 1319 2920 fuerit,
1355 2873 1503 2905 nemo

485 2933 671 2981 docuit.

545 3014 667 3064 Ου’.
677 3014 898 3060 XXXV.
915 3029 957 3060 1.
968 3015 1012 3060 T
1005 3029 1212 3061 esserum
1226 3013 1341 3061 dari
1338 3013 1497 3079 jubet,

483 3090 716 3160 ξυλήφιον,
732 3092 812 3138 vel
828 3092 1097 3154 generalius
1114 3093 1362 3162 σύνθημα,
1385 3094 1503 3141 taci-

485 3181 588 3218 tum
623 3169 816 3233 signum
843 3170 1081 3218 militibus
1110 3170 1301 3228 datum,
1333 3171 1504 3234 gallice

485 3247 680 3294 bulletin
690 3281 706 3304 ,
729 3262 849 3295 nos:
869 3248 947 3294 bei
962 3247 1050 3295 der
1059 3249 1238 3296 Parole
1250 3248 1330 3295 die
1348 3249 1504 3296 Ordre

486 3325 723 3391 ausgeben
734 3360 750 3383 ,
769 3325 955 3374 Stroth.
970 3326 1097 3375 Nam
1107 3326 1311 3391 sak-num,
1324 3328 1403 3374 vel
1418 3344 1505 3375 vo-

487 3406 594 3453 cale
606 3415 730 3464 erat,
745 3404 862 3452 tuba
876 3439 891 3463 ,
910 3415 994 3451 aut
1007 3405 1208 3453 classico
1221 3441 1234 3465 ,
1254 3417 1337 3454 aut
1349 3421 1504 3456 cornu

488 3484 681 3543 datum,
715 3483 794 3531 vel
821 3482 1045 3544 tacitum,
1075 3483 1387 3547 inscriptum,
1416 3501 1505 3532 seu

482 3562 780 3627 insculptum
803 3572 1019 3617 cesset-ee,
1049 3559 1187 3608 brevi
1211 3561 1365 3626 ligno.
1390 3564 1505 3611 Hoc

482 3642 600 3691 inde
617 3653 798 3693 tessera
811 3638 1080 3700 dicebatur,
1099 3639 1399 3705 dabaturque
1412 3658 1503 3690 σε·

485 3722 622 3785 pius,
646 3731 704 3769 ut
725 3721 898 3767 lateret
919 3719 1112 3767 hostem
1127 3754 1142 3779 ,
1167 3709 1326 3783 neque
1351 3721 1413 3768 ab
1440 3738 1500 3770 eo

481 3799 809 3848 exaudiretur.
834 3798 914 3847 Sic
936 3798 1025 3846 inf.
1049 3800 1306 3859 XXXIX,
1335 3801 1427 3860 30,
1444 3818 1496 3850 n.

486 3878 541 3938 3,
566 3889 615 3925 et
637 3878 771 3943 apud
791 3878 877 3928 Sil.
901 3880 1018 3938 XV,
1042 3879 1162 3939 475,
1188 3879 1388 3927 tacitum
1407 3881 1499 3929 dae

484 3967 665 4004 tessera
697 3957 910 4022 signum,
950 3968 1043 4006 etc.
1085 3958 1233 4007 Cous.
1267 3959 1393 4008 infra
1434 3960 1498 4007 ad

482 4033 738 4092 XXVIII,
765 4042 832 4089 24
843 4070 858 4098 ,
882 4052 932 4084 n.
950 4035 1012 4095 ὃς
1033 4035 1097 4084 ad·
1114 4036 1272 4086 Tncit.
1292 4038 1426 4087 Anu.
1443 4041 1497 4100 1,

1597 2718 1645 2762 7,
1665 2717 1716 2751 n.
1737 2701 1818 2761 15,
1838 2713 1887 2749 et
1903 2700 1968 2748 ad
1982 2699 2067 2748 sn.
2083 2700 2199 2756 VII,
2217 2701 2334 2758 347,
2352 2698 2439 2745 uhi
2454 2696 2604 2746 Drak.

1590 2777 1668 2843 (ut
1693 2791 1743 2828 et
1766 2780 1880 2827 infr.
1903 2779 1969 2827 ad
1985 2780 2085 2836 IX,
2111 2779 2203 2834 32,
2224 2794 2276 2825 n.
2306 2775 2366 2841 3)
2389 2777 2606 2834 monuit,

1590 2869 1792 2905 tesseras
1814 2857 2025 2921 duplicis
2049 2856 2167 2904 olim
2188 2856 2377 2918 generi·
2396 2871 2609 2919 ususque

1587 2936 1765 2995 fuisse,
1789 2935 1964 2999 primi,
1990 2944 2046 2981 ut
2073 2933 2135 2980 iis
2160 2933 2338 2981 milites
2366 2934 2421 2980 in
2442 2949 2609 2997 pugna

1591 3030 1642 3061 se
1653 3015 2040 3061 internosces-ent
2051 3046 2065 3070 ,
2085 3027 2244 3075 neque
2257 3012 2427 3076 vigiles
2438 3012 2610 3060 fraude

1588 3092 1805 3140 hostium
1821 3090 2303 3148 circumvenirentur,
2319 3091 2515 3139 alterius
2530 3089 2611 3155 (ut

1589 3171 1698 3231 IX,
1724 3170 1785 3217 32
1805 3202 1819 3226 ‚
1844 3185 1895 3216 n.
1927 3167 2011 3232 3),
2050 3171 2116 3222 τὰ
2132 3169 2533 3239 παραγγέλματα
2557 3183 2610 3221 et

1590 3242 1952 3317 διατάγματα,
1975 3247 2152 3311 quibus
2170 3249 2272 3297 dux
2288 3249 2525 3297 militibus
2541 3251 2610 3298 si-

1591 3325 1920 3391 gnificaverit,
1943 3327 2064 3390 quid
2087 3328 2295 3376 voluerit
2313 3326 2435 3376 fieri.
2461 3329 2607 3377 Conf-

1591 3406 1723 3472 Lips.
1742 3406 1854 3454 Mil.
1877 3421 2004 3454 rom.
2008 3407 2074 3465 V,
2101 3422 2149 3469 9.

1660 3501 1711 3534 2.
1738 3484 1830 3532 Ubi
1842 3485 2065 3542 secundoe
2081 3485 2268 3551 wggiliae
2283 3485 2488 3534 buccina
2501 3482 2609 3550 (seu

1590 3565 1770 3612 rectius
1800 3560 2018 3628 bucina)
2049 3563 2220 3611 datum
2234 3564 2431 3656 ‘siguum
2455 3576 2608 3613 esset.-

1590 3655 1703 3692 ante
1716 3642 1925 3692 mediam
1935 3654 2131 3692 noctem
2142 3678 2156 3702 ,
2172 3643 2453 3707 priusquam
2465 3644 2610 3691 tertia

1591 3734 1694 3771 erat
1729 3722 1909 3787 vigilia.
1948 3724 2172 3785 Quatuor
2203 3723 2438 3771 Romanis
2472 3733 2613 3770 erant

1584 3813 1691 3850 tum
1701 3801 2036 3868 vr'gilioe‚⁴tum
2048 3800 2292 3859 excubiae,
2312 3801 2361 3850 et
2378 3801 2609 3865 quaelibet

1585 3881 1734 3929 trium
1750 3880 1981 3929 horarum
1993 3915 2008 3940 ,
2025 3896 2133 3945 quoe
2151 3896 2178 3928 a
2199 3881 2508 3928 buccinatore
2522 3890 2609 3927 aut

1585 3961 1789 4009 tibicine
1802 3960 2067 4019 committi,
2092 3971 2141 4008 et
2157 3976 2185 4008 a
2203 3959 2455 4008 cornicine
2472 3957 2608 4007 finiri

1587 4056 1643 4089 ac
1660 4040 1880 4091 revocari
1903 4038 2144 4092 solebant.
2173 4039 2317 4089 Conf.
2339 4039 2450 4090 Ind-
2473 4048 2522 4086 et
2540 4036 2607 4085 ad

1636 4191 1665 4214 l
