3000 4717
2307 306 2358 345 A.
2385 303 2434 343 C.
2462 307 2555 346 388.

498 336 628 408 190
1351 319 1425 384 T.
1488 319 1766 387 leu
2309 362 2551 414 aa...

479 461 626 534 que
664 436 811 507 acie
842 437 1089 506 Tuscis
1123 434 1322 509 haud
1363 438 1623 534 procul
1655 440 1903 513 Ticino
1940 439 2239 515 flumine
2260 498 2281 533 ‚
2328 470 2562 545 quum
2585 503 2605 537 ‚

480 549 558 617 in
601 571 751 643 quo
796 544 1279 619 consederant
1301 601 1321 635 ‚
1361 571 1614 646 agrum
1650 548 2057 622 insubrium
2097 554 2444 652 appellari
2477 581 2608 629 au-

481 658 754 730 dissent
771 712 792 746 ,
838 658 1271 754 cognomine
1302 659 1729 735 Insubribus
1753 656 2356 761 pago'AEduorum
2380 676 2434 756 9,
2466 667 2567 739 ibi
2583 726 2603 759 ‚

481 778 698 840 omen
732 784 1120 866 sequentes
1148 768 1323 857 loci,
1354 770 1745 845 condidere
1773 772 2033 847 urbem
2063 803 2077 845 ε
2113 775 2604 851 Mediolanum

477 880 957 977 appellarunt.

577 995 867 1062 XXXV.
918 990 1073 1062 Alia
1110 988 1421 1063 subinde
1463 1017 1719 1069 manus
1762 998 2348 1069 Cenomanorum
2372 1007 2424 1086 ¹,
2458 998 2602 1068 Eli-

481 1103 678 1174 tovio
713 1101 896 1173 duce
932 1103 1224 1199 vestigia
1251 1103 1574 1199 priorum
1602 1120 1941 1202 sequuta,
1971 1106 2227 1179 eodem
2256 1107 2479 1198 saltu,
2514 1106 2605 1180 fa-

477 1227 694 1283 vente
713 1213 1083 1284 Belloveso
1099 1267 1119 1301 ‚
1140 1207 1370 1309 quum
1391 1215 1946 1289 transcendisset
1969 1217 2216 1315 AlpeS‚
2244 1216 2374 1289 ubi
2406 1218 2613 1291 nunc'

479 1325 714 1395 Brixia
749 1348 833 1394 ac
859 1328 1148 1395 Verona
1191 1323 1412 1397 urbes
1458 1341 1628 1398 sunt
1669 1326 1908 1422 (locos
1949 1343 2251 1403 tenuere
2298 1327 2507 1400 Libui
2529 1329 2601 1426 ²)

478 1432 869 1505 considunt
893 1460 908 1503 ι
941 1449 1103 1530 post
1123 1433 1257 1506 hos
1279 1436 1570 1508 Salluvii
1587 1433 1643 1525 3,
1664 1462 1894 1536 prope
1918 1440 2290 1536 antiquam
2313 1453 2603 1537 gentem

478 1549 724 1616 Laevos
748 1545 1079 1648 Ligures,
1103 1546 1508 1619 incolentes
1534 1550 1724 1621 circa
1740 1551 2069 1625 Ticinum
2093 1574 2404 1625 amnem.
2430 1556 2604 1621 Pen-

382 1724 412 1768 ,“
477 1725 623 1787 gestis
651 1734 700 1771 et
728 1723 935 1785 objectis
951 1759 965 1782 ,
993 1725 1141 1772 Doer.
1167 1752 1235 1762 —
1261 1727 1490 1784 Taurini,

470 1820 556 1850 seu
574 1804 795 1851 Taurisci
807 1802 867 1850 ad
886 1803 1075 1852 radices
1086 1804 1287 1868 Alpium
1304 1805 1358 1852 in
1374 1806 1495 1854 hod.

471 1882 818 1943 Pedemontio,
845 1900 1057 1948 quorum
1085 1895 1234 1949 caput
1269 1887 1495 1949 Augusta

481 1963 833 2019 Taurinorum,
862 1964 1001 2028 prius
1028 1963 1160 2011 dicta
1184 1964 1413 2012 Taurasia
1447 1976 1495 2012 et

472 2041 592 2090 hod.
626 2043 802 2100 Τιινίπ,
836 2043 924 2090 uhi
948 2042 1109 2091 Padus
1140 2043 1343 2092 Duriam
1377 2043 1497 2091 reei-

472 2106 564 2185 pit.
586 2122 826 2171 Caeterum
843 2122 993 2169 lectio
1010 2122 1060 2169 h.
1074 2122 1108 2169 l.
1123 2121 1328 2170 debetur
1345 2123 1493 2170 Drak.

472 2203 534 2248 In
551 2213 673 2250 antt.
698 2202 809 2249 edd.
831 2203 1079 2265 saltusque
1093 2202 1238 2249 Juliae
1257 2202 1419 2265 Alpis,
1441 2203 1494 2248 in

472 2281 579 2328 aliis
605 2297 632 2327 e
659 2283 788 2341 conj.
816 2280 977 2327 Rhen.
1007 2278 1101 2342 ipsi
1127 2280 1341 2325 Taurino
1366 2281 1494 2326 saltu

473 2358 627 2405 invias
646 2360 796 2421 Alpes
814 2375 833 2404 .·
857 2359 913 2404 in
941 2359 1034 2403 Ms
1066 2356 1198 2421 Lips.
1221 2357 1375 2404 saltus
1394 2374 1495 2421 qua

471 2436 584 2484 mlie
608 2448 725 2482 ante
745 2435 894 2500 Alpes
906 2454 929 2491 ;
954 2435 1087 2482 unde
1113 2436 1246 2499 Lips.
1263 2436 1318 2483 in
1336 2437 1492 2501 Epist.

470 2514 535 2561 ad
558 2515 729 2577 Belgas
755 2516 780 2561 1
795 2548 809 2572 ,
832 2515 897 2576 93
924 2517 1054 2577 conj.
1076 2516 1254 2573 saltus,
1277 2533 1379 2580 qua
1405 2516 1494 2564 mi-

470 2593 598 2639 nime
624 2593 743 2639 altae
767 2593 946 2658 Alpes,
971 2594 1052 2641 vel
1078 2609 1179 2659 qua
1211 2595 1350 2643 inviae
1380 2608 1496 2644 ante

471 2672 634 2736 Aspes.
1244 2672 1252 2685 '

540 2768 589 2814 9.
621 2752 914 2817 Cognomine
937 2751 1103 2818 (quod
1120 2763 1194 2802 est
1206 2753 1405 2820 adject.)
1419 2757 1497 2801 In·

468 2831 854 2897 subribuspago,
876 2827 1046 2903 δήμῳ,
1063 2834 1364 2892 AEduorum‚
1383 2834 1497 2882 vide

468 2910 532 2957 ad
549 2912 653 2969 111,
678 2911 768 2972 15,
791 2929 841 2959 n.
871 2914 951 2960 16.
976 2913 1224 2970 Insubres,
1248 2929 1333 2960 seu
1357 2916 1498 2962 Insu-

466 2989 546 3036 bri
566 3001 616 3038 et
634 2990 770 3048 Boii,
793 2992 1126 3055 potentissimi
1150 2992 1321 3041 Galliae
1343 2991 1497 3040 Cisal-

465 3070 596 3131 pinae
616 3069 807 3133 populi.
826 3070 1028 3118 Illorum
1048 3070 1234 3137 oppida
1254 3070 1496 3118 Mediola-

466 3162 611 3202 num,
644 3150 773 3194 Laus
808 3146 1042 3212 Pompeia
1076 3149 1265 3212 (hodie
1298 3149 1429 3195 Lodi
1445 3147 1465 3213 )
1480 3185 1495 3210 ‚

466 3225 691 3280 Acerrce‚
724 3237 815 3273 etc.
844 3227 1023 3274 horum
1050 3229 1263 3285 Parma,
1297 3228 1495 3275 Mutina

464 3301 612 3368 (hod.
634 3303 904 3368 Modena),
927 3305 1154 3351 Bononia
1177 3305 1323 3369 (hod.
1347 3307 1494 3354 Bolo-

459 3381 594 3446 gna)
611 3417 626 3442 ‚
653 3381 854 3446 Regium
880 3381 1055 3445 Lepidi
1073 3382 1226 3445 (hod.
1255 3383 1494 3449 Regio),

465 3460 681 3508 Nuceria
695 3460 835 3525 (hod.
849 3460 1094 3526 Luzara),
1114 3462 1381 3510 Brixellum
1393 3499 1408 3520 ,
1432 3465 1491 3512 al.

464 3543 639 3588 —Pro
652 3539 1002 3599 Mediolanum,
1022 3541 1377 3589 Mediolanium
1389 3544 1496 3590 Flo-

462 3632 587 3668 rent.
619 3620 803 3669 Harlei.
834 3637 912 3685 pr.
945 3631 994 3667 et
1012 3621 1215 3669 Hearnii
1235 3622 1489 3670 Oxonien-

465 3714 555 3745 ses.
578 3701 669 3746 En.

537 3777 892 3826 cmxxxv.
910 3778 1090 3826 1.·A1ia
1099 3779 1322 3835 subinde,
1344 3781 1491 3844 paulo

463 3866 577 3917 post
593 3889 607 3912 ,
635 3872 807 3903 manus
838 3857 1222 3905 Cenomanorum
1239 3857 1370 3924 (non
1396 3859 1495 3907 Cce-

466 3949 788 3982 nomanorum
802 3953 820 3982 .·
838 3953 950 3983 nam
971 3936 1243 4006 Κενομσὶνοι
1264 3936 1494 3985 dicuntur

467 4010 645 4074 Polyb.
661 4014 711 4058 II
726 4046 741 4070 ,
767 4028 824 4072 17
842 4030 856 4070 ;
879 4015 1004 4061 Plin.
1024 4017 1099 4062 ΙΙΙ
1113 4049 1128 4073 ,
1160 4031 1249 4077 19,
1270 4027 1319 4062 et
1342 4015 1492 4081 Ptol.)

467 4104 675 4151 quorum
701 4101 848 4152 caput
873 4092 1049 4138 Brixia
1062 4126 1079 4148 ‚
1110 4093 1260 4140 hodie
1292 4095 1489 4142 Breseia

1585 1728 1733 1794 (vide
1764 1733 1969 1781 XXXII
1982 1767 1998 1791 ‚
2035 1734 2101 1780 30
2114 1731 2135 1796 )
2147 1767 2161 1790 ,
2206 1731 2340 1779 unde
2377 1728 2605 1777 Brixiani

1591 1809 1728 1857 Galli
1741 1812 1871 1858 XXI
1889 1847 1904 1871 ,
1930 1813 2013 1860 25.
2034 1840 2104 1848 -—
2124 1812 2337 1877 Vesu’gia
2347 1807 2596 1874 priorum,

1586 1888 1735 1936 scilic.
1761 1891 2029 1939 Gallorum.
2044 1918 2113 1928 --
2128 1891 2315 1939 Eodem
2335 1891 2463 1938 saltu
2482 1888 2605 1936 Tau-

1582 1957 1874 2008 rino.—Pro
1904 1962 2317 2018 Cenomanorum,
2344 1962 2606 2007 Germano-

1582 2054 1691 2085 rum
1715 2039 1876 2088 serunt
1897 2056 2069 2089 omnes
2090 2041 2313 2099 codices,
2326 2057 2429 2089 non
2447 2039 2606 2088 nostri

1585 2128 1789 2175 tantum,
1798 2119 1887 2166 sed
1898 2121 2042 2166 etiam
2056 2119 2273 2182 quinque
2280 2120 2606 2176 exonienses,

1583 2211 1708 2257 quos
1729 2197 1924 2241 Hearne
1938 2195 2186 2251 adhibuit,
2204 2208 2253 2241 et
2270 2208 2367 2243 tres
2381 2198 2609 2246 Vaticani

1583 2274 1782 2338 optimoe
1797 2286 1946 2333 notae,
1960 2291 2085 2339 quos
2097 2275 2343 2323 consuluit
2356 2276 2607 2324 Dominio.

1583 2353 1840 2418 Georgius.
1867 2354 1999 2402 'Vide
2028 2371 2139 2403 eum
2171 2354 2232 2401 de
2271 2354 2424 2417 antiq.
2452 2356 2606 2403 Italiae

1582 2434 1938 2497 metropolibus
1956 2451 2064 2500 cap.
2080 2450 2101 2481 1
2114 2449 2168 2493 13
2187 2434 2275 2481 sed
2293 2434 2607 2482 consentiunt

1586 2511 1679 2559 viri
1701 2512 1862 2572 docti,
1882 2514 2148 2563 lectionem
2176 2513 2403 2561 vitiosam
2425 2548 2440 2571 ,
2465 2514 2604 2577 eique

1583 2592 1979 2641 substituendum
2028 2610 2132 2642 esse
2189 2593 2571 2640 Cenomanorum
2584 2626 2598 2648 ,

1585 2671 1723 2736 quod
1750 2673 1851 2733 jam
1880 2674 2177 2722 Basileenses
2208 2688 2340 2720 anno
2365 2672 2521 2731 1555,
2547 2687 2604 2718 ac

1585 2751 1814 2817 Sigonius
1838 2763 2143 2817 receperunt.
2162 2754 2259 2799 En.

1657 2847 1707 2878 2.
1724 2833 1878 2878 Locos
1898 2841 2089 2878 tenuere
2100 2829 2259 2887 Libui,
2273 2829 2359 2893 qui
2378 2840 2428 2876 et
2445 2829 2514 2876 ita
2532 2828 2604 2876 di-

1588 2922 1767 2959 cuntur
1791 2912 1950 2967 XXI,
1988 2912 2084 2969 38,
2118 2921 2168 2957 et
2207 2910 2470 2966 XXXIII,
2507 2909 2602 2970 373

1589 2990 1677 3036 sed
1710 2990 1891 3038 rectius
1917 2990 2096 3045 Libia-i,
2126 3001 2183 3037 ut
2219 2988 2344 3038 Plin.
2381 2990 2458 3035 111
2472 3022 2488 3045 ,
2521 3002 2604 3048 17,

1590 3086 1650 3120 αι
1672 3089 1685 3129 ;
1716 3072 1844 3118 Ptol.
1872 3073 1954 3118 111
1967 3106 1981 3130 ,
2020 3088 2042 3119 1
2064 3089 2079 3130 ς
2110 3083 2162 3120 et
2183 3065 2402 3119 Aeginam
2425 3069 2600 3133 Polyb.

1586 3148 1661 3206 Π,
1682 3162 1761 3206 17,
1782 3147 1869 3193 ubi
1887 3147 2002 3194 vide
2024 3148 2296 3210 Schweigh.
2318 3149 2501 3194 Eorum
2519 3160 2605 3209 op-

1583 3226 1698 3289 pida
1726 3225 1963 3274 Vercelloe
2000 3238 2050 3274 et
2089 3225 2388 3274 Laumellum
2403 3259 2419 3284 ,
2454 3224 2603 3272 hodie

1588 3304 1792 3351 Vere-elli
1801 3315 1850 3352 et
1862 3305 2092 3352 Lumello.
2113 3305 2210 3353 Sed
2226 3303 2333 3352 aliae
2350 3303 2448 3351 illis
2466 3303 2604 3351 sedes

1582 3383 1815 3447 assignari
1831 3384 2062 3432 videntur
2076 3384 2165 3433 inf.
2184 3385 2313 3431 XXI
2325 3417 2340 3441 ,
2361 3383 2444 3430 38.
2457 3381 2602 3430 Conf.

1581 3461 1732 3525 paulo
1747 3462 1873 3509 infra
1886 3498 1900 3521 ,
1922 3479 1973 3510 n.
1998 3470 2046 3518 4.

1657 3542 1704 3589 3.
1732 3543 1852 3588 Post
1874 3540 1962 3588 lios
1982 3541 2185 3589 Salluvii
2204 3539 2347 3605 (vide
2364 3538 2428 3586 ad
2445 3554 2490 3585 c.
2511 3538 2603 3597 34,

1577 3635 1629 3668 n.
1652 3636 1700 3679 7,
1720 3631 1769 3667 et
1782 3636 1903 3668 mox
1918 3631 2025 3667 not.
2049 3618 2126 3683 4),
2146 3619 2436 3676 considunt,
2446 3633 2603 3681 prope

1579 3701 1746 3746 Loevos
1774 3700 2033 3763 antiquam
2052 3710 2242 3764 gentem
2269 3697 2568 3761 Ligustinam
2585 3729 2600 3753 ,

1581 3779 1719 3839 cnjus
1746 3777 1932 3842 oppida
1953 3779 2087 3825 fuere
2116 3777 2333 3825 Ticinum
2349 3776 2489 3842 (hod.
2503 3777 2601 3822 Pa-

1585 3858 1683 3923 via)
1710 3870 1759 3906 et
1779 3858 2011 3906 Novaria.
2035 3857 2165 3906 Galli
2192 3872 2308 3905 vero
2329 3856 2493 3904 ubivis
2511 3854 2603 3915 eje-

1584 3948 1769 3985 ctarum
1800 3937 1999 3985 nomina
2034 3936 2328 3984 adsciscunt.
2366 3933 2500 3983 Loevi
2526 3932 2603 3979 di-

1583 4028 1762 4064 cuntur
1799 4016 1915 4062 Levi
1943 4015 2068 4063 Plin.
2097 4016 2208 4076 111,
2240 4030 2321 4075 17,
2352 4030 2404 4062 n.
2433 4028 2529 4071 ²13
2554 4023 2603 4059 et

1579 4096 1701 4146 Δάοι
1728 4098 1903 4161 Polyb.
1927 4099 2009 4156 11,
2037 4113 2120 4158 17.
