3000 4717
477 384 840 493 31213211‘3231
954 408 1264 474 LIBER
1324 408 1454 474 IV.
1523 407 1740 474 cAP.
1801 411 2010 477 LIII.
2409 436 2530 482 101

421 527 663 598 hunus
709 526 977 624 plebiS‚
1020 528 1196 624 legis
1249 529 1535 624 agrariae
1588 527 1806 617 lator,
1845 550 2071 624 quum
2117 532 2566 630 impediret‚·

421 636 833 734 auxilioque
866 635 1142 708 tribuni
1179 662 1396 709 nemo
1431 638 1696 708 invitus
1730 655 2168 711 sacramento
2187 652 2210 683 1
2235 642 2541 732 diceret3

418 764 719 847 repente
765 751 1176 838 nuntiatur,
1223 772 1458 822 arcem
1504 754 2025 820 Carventanam
2078 750 2169 820 ab
2212 751 2543 824 hostibus

420 873 841 956 occupatam
872 883 1046 930 esse.
1087 864 1187 930 Ea
1214 860 1606 957 ignominia
1635 873 1925 956 accepta
1954 882 2184 956 quum
2211 862 2404 959 apud
2429 869 2546 933 Pa-

417 966 564 1037 tres
587 966 870 1037 invidiae
887 968 1150 1038 Maenio
1174 967 1308 1039 fuit
1326 1024 1345 1058 ,
1374 983 1533 1040 tum
1557 962 1828 1041 caeteris
1848 968 2191 1060 tribunis,
2206 970 2355 1064 jam
2381 988 2545 1045 ante

417 1079 829 1174 praeparatis
870 1079 1466 1151 intercessoribus
1507 1081 1687 1178 legis
1724 1082 2009 1178 agrariae
2032 1136 2051 1169 ‚
2090 1080 2398 1179 praebuit
2428 1084 2549 1178 ju·-
2608 1141 2617 1148 .

419 1184 712 1256 stiorem
762 1211 1045 1258 causam
1094 1190 1475 1262 resistendi
1518 1190 1828 1287 collegae.
1875 1196 2127 1287 Itaque
2166 1210 2395 1288 quum
2434 1210 2549 1265 res

420 1295 547 1397 diu
593 1295 809 1370 ducta
857 1324 988 1396 per
1041 1301 1581 1372 altercationem
1634 1316 1850 1389 esset,
1900 1298 2317 1373 consulibus
2374 1302 2547 1373 deos

417 1404 896 1504 hominesque
941 1409 1408 1500 testantibus»,
1443 1411 1806 1508 quidquid
1835 1406 1931 1480 ab
1971 1412 2286 1482 hostibus
2325 1412 2549 1484 cladis·

415 1523 974 1619 ignominiaeque
1003 1527 1311 1619 azetjam
1331 1540 1703 1619 acceptum
1729 1538 1942 1608 esset,
1966 1538 2096 1591 aut
2124 1528 2545 1609 immineret,

414 1633 693 1728 culpam
720 1654 943 1730 penes
980 1637 1329 1704 Maenium
1346 1634 1526 1725 fore
1541 1686 1564 1719 ,
1610 1638 1735 1730 qui
1761 1633 2104 1702 delectum
2140 1632 2547 1729 z'mpedc'ret;

415 1742 675 1812 Maenio
730 1756 984 1814 contra
1034 1741 1473 1813 vociferante
1492 1797 1513 1832 ‚
1553 1752 1613 1813 si
1665 1743 1912 1837 injusti
1953 1741 2231 1812 domini
2262 1760 2550 1838 posses·-

413 1857 615 1921 sione
645 1858 806 1946 agri
818 1843 1110 1949 publici
1132 1854 1464 1925 cederent
1474 1908 1494 1942 ,
1533 1872 1608 1924 se
1633 1872 1901 1924 moram
1931 1851 2229 1924 delectui·
2253 1854 2545 1943 nonsa-

416 1984 611 2048 cere3
650 1962 940 2035 decreto
977 1965 1403 2061 interposito
1424 2019 1443 2054 ‚
1484 1984 1747 2036 novem
1784 1963 2060 2034 tribuni
2101 1962 2549 2033 sustulerunt

413 2086 815 2161 certamen;
849 2077 1658 2172 pronuntiaveruntque
1699 2098 1789 2145 ex
1833 2073 2114 2171 collegii
2153 2073 2545 2159 sententia,

414 2184 488 2252 C.
519 2184 798 2255 Valerio
825 2185 1103 2256 consuli
1124 2212 1227 2272 se,
1260 2186 1604 2255 dammim
1631 2184 2002 2281 aliamque
2021 2190 2505 2254 coercitionem
2521 2237 2542 2268 ,

408 2291 747 2365 adversas
761 2304 789 2336 ²
825 2301 1388 2367 intercessionem
1428 2295 1722 2393 collegoe
1737 2348 1760 2381 ,
1808 2293 2123 2364 delectus
2169 2299 2388 2362 οαιιέα
2431 2291 2550 2360 dc-

410 2405 867 2475 trectantibus
921 2410 1245 2477 militiam
1305 2408 1645 2477 inhibenti
1656 2462 1676 2492 ,
1728 2408 2007 2476 auxilio
2029 2404 2333 2495 ficturos
2383 2422 2543 2473 esse.

412 2514 565 2578 Hoc
603 2511 896 2584 decreto
933 2517 1189 2587 consul
1225 2533 1540 2587 armatus
1579 2543 1808 2613 quum
1848 2517 2093 2613 paucis
2115 2570 2134 2603 ‚
2174 2513 2545 2611 appellan-

326 2692 334 2711 ,
413 2616 609 2689 tibus
642 2620 1022 2694 tribunum
1040 2680 1058 2712 ‚
1090 2627 1357 2697 collum
1375 2624 1404 2670 3
1430 2629 1752 2700 torsisset
1770 2683 1789 2716 ‚
1817 2641 2017 2698 metu
2047 2626 2283 2695 caeteri
2315 2648 2546 2695 sacra-

408 2743 662 2800 mento
679 2730 946 2803 dixere.
964 2739 1245 2806 Ductus
1260 2739 1617 2807 exercitus
1632 2735 1722 2807 ad
1743 2741 2262 2809 Carventanam
2283 2758 2545 2821 arcem,

410 2860 829 2938 quanquam
875 2844 1145 2921 invisus
1189 2843 1639 2941 infestusque
1683 2845 1963 2915 consuli
2005 2856 2158 2914 erat
2183 2897 2202 2931 ,
2245 2843 2546 2937 impigre

407 2953 643 3047 primo
683 2955 923 3024 statim
961 2954 1315 3045 adventa,
1346 2953 1644 3048 dejectis
1674 2954 1801 3050 qui
1831 2952 1907 3020 in
1941 2949 2272 3048 praesidio
2312 2956 2548 3037 erant,

409 3082 646 3134 arcem
680 3067 981 3163 recipit:
1022 3066 1460 3164 praedatores
1479 3121 1499 3155 ‚
1535 3084 1624 3137 ex
1662 3061 1992 3162 praesidio
2029 3082 2161 3157 per
2194 3059 2553 3156 negligen-

408 3169 580 3240 tiam
633 3162 928 3270 dilapsi,
976 3179 1433 3249 occasionem
1475 3198 1825 3267 aperuere
1868 3169 1959 3236 ad
2000 3168 2496 3237 invadendum
2531 3197 2546 3237 z

479 3359 600 3408 Car.
628 3361 760 3409 LIII.
799 3378 842 3409 1.
873 3364 1187 3411 Sacramenta
1211 3363 1423 3420 diceret,
1508 3378 1687 3427 garum
1723 3356 1967 3424 dicitur)3
1996 3358 2235 3408 inhibenti
2244 3395 2259 3417 ,
2288 3361 2546 3410 adhibenti

409 3438 523 3487 vide
548 3438 612 3487 ad
644 3441 726 3498 H,
768 3448 861 3497 24,
893 3458 943 3487 n.
973 3454 1020 3501 7.
1054 3468 1124 3479 —-·
1166 3442 1428 3491 Cat-ventus
1515 3430 1629 3488 vide
1647 3439 1711 3488 ad
1733 3441 1835 3498 111,
1860 3441 1944 3498 38,
1961 3456 2012 3485 n.
2039 3455 2067 3486 2
2088 3456 2103 3499 ;
2127 3439 2541 3504 quidam-fcrenti,

408 3518 535 3566 Latii
561 3534 680 3582 opp.
706 3517 838 3581 apud
861 3519 1028 3581 Steph.
1516 3536 1619 3567 non
1639 3521 1763 3567 male
1778 3553 1793 3578 ,
1808 3519 1976 3578 judice
1995 3518 2215 3582 sigonio.
2242 3520 2331 3564 Eu.

480 3613 528 3643 2.
549 3596 790 3644 Adversus
807 3596 1185 3646 intercessionem
1197 3600 1420 3665 collega,
1585 3600 1631 3647 3.
1661 3598 1847 3646 Collum
1859 3597 2073 3644 torsisset
2083 3631 2099 3653 ‚
2123 3596 2274 3643 modo
2285 3594 2547 3644 coercitio·

406 3675 522 3724 vide
546 3675 609 3723 ad
632 3676 723 3733 IV,
752 3674 815 3721 35
834 3709 847 3732 ‚
876 3692 930 3722 n.
965 3690 1007 3721 1.
1036 3704 1105 3713 —
1138 3680 1385 3733 Damnum
1403 3713 1421 3736 ,
1511 3677 1613 3735 nie,
1652 3690 1751 3740 quo
1779 3676 1857 3722 vel
1891 3674 2275 3723 detrectantibus
2317 3673 2539 3722 militiam

401 3755 640 3814 jacturam
656 3753 729 3801 r'ei
745 3754 1017 3811 familiaris,
1036 3766 1202 3802 exacta
1220 3758 1398 3806 mulcta
1410 3792 1426 3818 ,
1515 3767 1563 3803 et
1580 3756 1840 3818 imperium
1859 3770 1887 3799 a
1904 3752 2163 3800 lictoribus
2174 3785 2188 3810 ‚
2213 3752 2290 3798 vel
2310 3752 2362 3799 in
2380 3753 2460 3813 jus
2474 3753 2545 3802 ire

407 3833 486 3880 vel
508 3833 796 3897 pigneribus
820 3833 975 3898 captis
1000 3832 1144 3897 (vide
1156 3835 1279 3894 VII,
1299 3844 1329 3891 4
1347 3853 1421 3901 pr.
1515 3832 1852 3881 recusantibus
1870 3831 1931 3877 ab
1951 3829 2236 3878 adversariis
2248 3847 2421 3879 manus
2440 3833 2543 3880 vio-

407 3923 456 3959 et
486 3912 590 3960 Cic.
619 3911 743 3959 Phil.
769 3915 794 3959 1
809 3944 825 3971 ,
849 3912 879 3959 5
897 3911 917 3974 )
935 3947 950 3972 ‚
976 3913 1224 3975 aliamque
1248 3915 1425 3961 coer-ei·
1511 3913 1669 3958 lenter
1690 3910 2035 3969 injiciebantur
2064 3908 2219 3969 collo,
2251 3921 2301 3958 et
2323 3911 2420 3959 hoc
2445 3922 2543 3959 tor-

408 3991 612 4051 tionem,
631 3991 845 4053 vim‚jus
857 3991 1275 4040 animadvertendi
1290 3992 1427 4056 (vide
1517 3990 1779 4053 quebatur3
1817 3989 1889 4036 illi
1918 4002 2036 4036 vero
2062 3988 2253 4036 obtorto
2294 3992 2420 4038 collo
2462 3991 2548 4039 du-

407 4072 583 4118 xxvl
597 4104 613 4128 ‚
642 4073 707 4120 36
736 4082 859 4119 extr.
893 4082 942 4119 et
961 4073 1091 4119 Suet.
1120 4072 1245 4135 Aug.
1271 4074 1427 4130 XLV,
1518 4070 1772 4126 cebancur,
1816 4069 1896 4116 vel
1933 4065 2268 4117 trahebantur.
2312 4070 2387 4118 Cf.
2414 4071 2546 4134 Lips.

409 4149 523 4199 coll.
541 4152 657 4199 Tae.
678 4151 858 4200 Annal.
884 4153 937 4212 Ι,
974 4165 1070 4213 773
1097 4150 1184 4199 uhi
1205 4151 1293 4217 jus
1324 4152 1430 4200 vir·
1525 4149 1629 4197 mil⁴
1650 4151 1792 4197 Rom.
1818 4151 1870 4211 Ι,
1897 4158 1943 4205 4.
1970 4174 2039 4186 --
2071 4147 2256 4196 Invisus
2281 4148 2331 4196 h.
2361 4150 2395 4197 1.
2425 4160 2471 4195 et
2486 4151 2548 4206 V,
