3000 4717
347 294 360 302 “
466 320 690 364 scens.

467 381 701 435 mm.
934 342 1248 411 LIBER
1306 342 1441 410 v1.
1505 342 1718 410 cAP.
1782 342 1989 410 xlv.
2384 292 2524 411 §63

407 493 447 530 α
486 488 707 562 quam
755 462 977 535 Gallis
1030 461 1424 534 victoribus
1466 471 1791 560 captum,
1846 461 1923 530 in
1973 460 2388 533 servitutem
2442 483 2525 534 ac

408 604 447 641 <t
487 573 772 645 vincula
822 572 991 644 duci
1036 571 1337 643 videam.
1389 601 1424 636 »
1470 567 1652 641 Inde
1700 594 1855 641 rem
1903 570 2241 640 creditori
2288 570 2524 667 palam

410 685 690 783 populo
714 684 958 773 solvit,
982 681 1313 778 libraque
1336 695 1409 754 et
1432 704 1572 752 aere
1594 678 1978 750 liberatum
1998 681 2258 750 emittit
2276 675 2328 767 ⁵,
2353 680 2527 753 deos

410 809 630 891 atque
655 794 990 866 homines
1022 791 1541 880 obtestantem,
1572 806 1653 861 ut
1671 796 1777 861 M.
1807 789 2125 877 Manli0,
2164 791 2532 865 liberatori

406 927 565 990 sue,
577 910 871 1001 parenti
872 902 1107 1002 plebis
1126 925 1477 988 romanoe,
1495 907 1811 998 gratiam
1830 903 2161 993 reserant.
2174 906 2532 1001 Acceptus

411 1014 782 1113 extemplo
809 1016 885 1085 in
913 1014 1435 1085 tumultuosam
1471 1007 1808 1083 turbam⁶
1844 1027 1918 1083 et
1952 1014 2106 1110 ipse
2140 1013 2534 1084 tumultum

408 1123 751 1221 augebat,
789 1126 1154 1197 cicatrices
1200 1136 1527 1220 acceptas
1562 1122 1864 1210 veienti,
1907 1122 2197 1220 gallico,
2231 1123 2532 1221 aliisque

411 1233 758 1333 deinceps
781 1234 991 1308 bellis
1034 1247 1426 1306 ostentans.
1458 1234 1549 1302 Se
1572 1232 2031 1318 militantem,
2065 1257 2143 1303 se
2165 1239 2533 1305 restituen-

416 1359 560 1415 tem
594 1369 861 1418 eversos
903 1358 1217 1442 penates
1232 1398 1252 1433 ,
1304 1340 1687 1437 multiplici
1712 1345 1886 1436 jam
1934 1358 2120 1415 sorte
2160 1343 2530 1430 exsoluta,

410 1454 879 1549 mergentibus
922 1478 1209 1550 semper
1252 1467 1517 1524 sortem
1566 1457 1833 1537 usuris,
1894 1451 2233 1524 obrutum
2263 1456 2534 1547 fenore

412 1550 562 1632 esse
594 1588 617 1631 .·
660 1561 911 1634 videre
947 1561 1181 1633 lucem
1197 1615 1219 1648 ‚
1254 1563 1519 1656 sorum
1535 1613 1557 1646 ‚
1605 1565 1861 1631 civium
1909 1584 2043 1632 ora
2056 1614 2076 1646 ,
2122 1567 2225 1632 M.
2275 1564 2540 1635 Manlii

417 1693 644 1767 opera
681 1698 703 1741 .·
740 1677 989 1742 omnia
1008 1686 1406 1769 parentum
1439 1669 1785 1764 beneficia
1822 1671 1918 1741 ab
1952 1671 2081 1743 illo
2112 1698 2187 1745 se
2222 1673 2491 1746 habere
2511 1701 2533 1744 .·

416 1775 527 1847 illi
540 1777 878 1850 devovere
904 1787 1220 1878 corporis
1240 1785 1554 1875 vitoeque
1579 1804 1671 1850 ac
1692 1784 2060 1877 sanguinis
2076 1781 2284 1880 quod
2295 1808 2541 1881 super-

412 1956 482 2007 55
494 1992 511 2019 ,
534 1976 587 2007 ιι.
605 1960 729 2010 6.-
740 1960 899 2010 Gallis
914 1960 1179 2010 victoribus
1198 1972 1420 2026 captum,

407 2037 526 2087 vide
544 2039 609 2087 ad
624 2041 690 2098 V,
706 2054 788 2100 ια,
803 2055 855 2088 ιι.
872 2041 1072 2090 5.-Ιιι
1088 2041 1293 2090 vincula
1310 2040 1426 2089 duci

1507 1962 1609 2023 jam
1630 1973 1713 2011 tot
1731 1962 1973 2026 totiesque
2001 1964 2174 2012 solutis
2189 1998 2203 2023 ,
2239 1975 2295 2012 ut
2317 1965 2531 2030 triplica-

1512 2051 1611 2090 tam
1645 2052 1825 2090 sortem
1861 2042 2335 2107 quadruplicatamve
2374 2060 2534 2109 aequa·

405 2117 637 2175 videatn,
665 2118 781 2167 vide
805 2120 869 2168 ad
895 2135 939 2169 ο.
967 2122 1058 2179 ι8,
1080 2135 1131 2168 ιι.
1151 2127 1202 2176 4.

481 2197 529 2245 5.
566 2198 693 2259 Inde
734 2215 835 2247 nem
846 2234 863 2257 ‚
907 2198 1165 2264 pecuniam
1213 2195 1428 2247 debitam

405 2276 641 2325 creditori
665 2279 867 2343 palam,
901 2293 1093 2338 coram,
1111 2278 1298 2343 populo
1338 2275 1362 2344 (
1372 2288 1429 2325 ut

408 2364 582 2402 eontra
614 2357 743 2404 elam
782 2357 985 2424 aliquo)
1010 2356 1173 2415 solvit,
1208 2356 1429 2422 libraque

409 2441 464 2479 et
483 2447 582 2479 aere
605 2433 858 2482 liberatum
884 2435 1083 2493 emittit,
1109 2436 1212 2484 scil.
1234 2435 1426 2484 debito·

411 2524 516 2557 rem
533 2527 561 2557 e
578 2512 835 2570 servitute,
850 2513 1133 2560 etmsnibus
1146 2514 1428 2573 credhon‘s,

410 2587 465 2636 in
489 2587 762 2637 libertatem
789 2589 1059 2639 vindicavit
1073 2625 1087 2650 ‚
1114 2592 1194 2640 vel
1227 2591 1426 2640 dimisit.

410 2667 740 2717 Addietorum
760 2667 828 2714 ob
844 2668 1057 2717 debitam
1074 2670 1332 2732 pecuniam
1348 2670 1427 2735 (v.

411 2745 474 2794 ad
499 2748 607 2805 111,
637 2753 731 2805 44,
760 2762 811 2793 n.
840 2744 902 2810 5)
938 2746 1108 2794 eadem
1140 2746 1267 2795 ratio
1301 2758 1428 2806 erat,

411 2840 468 2873 nc
492 2840 744 2874 servorum
773 2824 982 2890 pecunia
1011 2834 1313 2889 emptorum,
1343 2824 1431 2889 qui

407 2903 473 2953 ab
496 2904 662 2968 aliquo
686 2904 951 2969 redempti,
977 2913 1061 2951 aut
1083 2902 1244 2969 pretio
1265 2904 1328 2952 ab
1350 2904 1429 2969 ip·

411 2982 479 3031 sis
500 2982 688 3044 soluto,
703 2982 1169 3033 manumittebantur
1182 2998 1276 3047 per
1296 2998 1360 3030 ωε
1379 2992 1429 3030 et

411 3059 583 3109 libram
596 3095 613 3122 ,
649 3077 796 3125 quam
820 3073 989 3111 tenens
1015 3062 1243 3111 dominus
1261 3094 1277 3121 ,
1301 3077 1428 3126 proe·

411 3139 632 3187 sentibus
668 3141 883 3204 quinque
920 3142 1126 3190 testibus
1142 3176 1158 3201 ,
1183 3139 1427 3206 significa·

409 3214 519 3275 bat,
532 3217 718 3277 iustum
727 3217 823 3266 sibi
836 3235 929 3283 pro
944 3234 1087 3267 servo
1099 3220 1311 3284 pretium
1322 3234 1430 3268 esse

409 3293 650 3353 solatiam,
672 3296 892 3358 adeoque
913 3297 1046 3344 hunc
1066 3297 1273 3345 liberum
1296 3313 1426 3357 esse3

411 3371 676 3423 suemus.
693 3373 877 3421 Confer
889 3384 1052 3421 temen
1067 3375 1198 3423 nuk.
1210 3376 1275 3424 ad
1292 3376 1426 3426 hunc

409 3452 602 3511 locum,
627 3461 678 3498 et
698 3450 907 3513 Quintil.
930 3452 1054 3498 lust.
1074 3453 1211 3501 Ornt.
1227 3468 1277 3513 7,
1298 3454 1355 3513 3,
1380 3464 1430 3502 et

410 3530 631 3579 Deelsm.
661 3531 722 3577 31
734 3543 779 3575 1.

483 3609 533 3656 e.
551 3611 614 3655 In
640 3592 982 3654 tumultuosam
995 3608 1185 3656 mam
1196 3641 1213 3665 ,
1235 3608 1347 3656 vide
1365 3610 1428 3658 aa

411 3688 634 3750 1,37,n.
654 3687 813 3746 4311,
836 3689 1042 3745 24,n.1
1062 3702 1078 3745 3
1097 3697 1146 3735 et
1169 3688 1428 3747 XXXIX,

413 3775 481 3830 49
499 3801 515 3827 ‚
539 3784 589 3816 ιι.
606 3775 655 3824 4.
679 3769 738 3814 Se
757 3765 1043 3814 militantem
1053 3797 1072 3822 ,
1100 3763 1319 3828 adeoque
1340 3781 1428 3815 cu-

409 3862 515 3895 rem
542 3847 615 3895 rei
649 3844 893 3894 familiaris
930 3840 1139 3904 abjicere
1175 3855 1424 3905 coactum,

409 3941 463 3974 se
486 3925 809 3974 restituentem
839 3936 1020 3969 eversos
1035 3933 1241 3985 penates
1254 3956 1273 3979 ,
1313 3921 1425 3971 refl-

410 4004 620 4053 cientem
667 4003 800 4052 oedes
843 4001 906 4049 ab
942 4000 1167 4050 hostibus
1213 4000 1424 4062 dirutas,

409 4082 664 4149 multiplici
680 4082 796 4150 jam
828 4091 956 4129 sorte
979 4080 1226 4139 exsoluam,
1265 4082 1424 4131 usuris

1513 2131 1647 2180 rent,
1674 2121 1990 2187 mergentibus
2013 2136 2200 2187 semper
2218 2117 2394 2169 sortem
2422 2140 2532 2170 usu-

1513 2199 1603 2256 ris,
1648 2201 2035 2249 accrescentibus
2060 2200 2115 2248 in
2141 2201 2429 2251 immensum
2444 2236 2458 2261 ‚
2486 2214 2537 2251 et

1517 2279 1699 2327 sortem
1739 2279 2079 2346 superantibus
2122 2277 2534 2345 (impedientibus

1516 2372 1622 2405 cam
1661 2357 1811 2418 solvi,
1848 2358 1987 2422 quasi
2023 2358 2430 2423 deprimentibus,
2472 2376 2534 2407 ne

1516 2451 1761 2501 emergere
1776 2437 1977 2485 reddive
2000 2449 2196 2503 posset3
2216 2436 2431 2502 Bauer),
2447 2439 2532 2486 ob-

1516 2514 1859 2580 rutumfenore
1875 2532 1989 2564 esse.
2018 2517 2202 2565 Confer
2217 2516 2279 2564 ad
2295 2517 2418 2575 Vn,
2444 2516 2507 2565 16
2519 2552 2534 2577 ,

1515 2608 1567 2640 n.
1602 2610 1646 2641 1.
1680 2595 1791 2642 Sors
1826 2596 2034 2659 pecunia
2053 2595 2237 2654 credita
2264 2596 2343 2645 vel
2375 2596 2534 2644 fenori

1517 2669 1629 2717 data
1644 2705 1659 2728 ,
1693 2684 1910 2719 mutuata
1933 2675 2091 2720 usuris
2114 2675 2197 2739 (ut
2221 2692 2265 2723 c.
2291 2675 2381 2735 36,
2402 2677 2503 2723 vn
2517 2709 2533 2735 ,

1523 2747 1648 2814 19),
1689 2748 1752 2795 al.
1788 2749 2046 2812 creditum,
2067 2754 2242 2811 mvl,
2268 2755 2535 2814 273v111,

1519 2826 1604 2872 28.
1627 2825 1787 2890 Mergi
1817 2835 1867 2874 et
1901 2827 2042 2875 obrui
2069 2844 2248 2893 synon.
2275 2831 2447 2890 verba,
2486 2844 2535 2881 et

1517 2903 1800 2968 metaphora
1823 2919 1852 2950 a
1877 2905 2075 2969 navigio
2110 2917 2158 2953 et
2182 2906 2412 2955 fluetibus
2450 2910 2533 2958 de·

1518 2991 1725 3046 sumpta.
1750 2980 1831 3030 Sic
1854 2981 2007 3047 mergi
2026 2984 2245 3031 secundis
2271 2985 2409 3033 rebus
2427 2987 2504 3035 lx
2520 3023 2535 3047 ,

1523 3062 1583 3108 18
1619 3077 1695 3125 pr.
1733 3073 1943 3125 mergere
1976 3078 2029 3109 se
2064 3061 2113 3110 in
2141 3063 2442 3127 voluptates,
2482 3081 2534 3114 se

1513 3139 1576 3187 iis
1595 3139 1918 3203 ingurgitare,
1938 3139 2142 3199 xxm,
2164 3141 2250 3199 18,
2269 3157 2319 3190 ιι.
2340 3144 2539 3207 δεμ-ω-

1513 3216 1715 3282 eipitart‘
1724 3213 1748 3282 (
1755 3217 1808 3264 in
1825 3216 2058 3282 exitium)
2071 3229 2122 3265 et
2134 3219 2286 3285 mergi
2286 3222 2528 3285 potentia,

1513 3296 1594 3345 vel
1626 3311 1772 3344 onere
1800 3295 2009 3360 jactum
2044 3296 2178 3360 apud
2204 3301 2427 3349 Juvenal.
2452 3303 2504 3349 X
2519 3336 2535 3363 ,

1516 3376 1610 3436 573
1652 3376 1781 3423 1111
1799 3410 1814 3434 ,
1854 3375 1883 3422 8
1918 3390 1932 3424 ε
1966 3375 2176 3423 obruunt
2195 3391 2304 3425 eum
2330 3377 2532 3442 imperia

1516 3455 1618 3511 lx,
1647 3453 1713 3510 34
1734 3469 1810 3518 pr.
1824 3452 2047 3518 patriam
2066 3453 2226 3502 obruit
2243 3456 2360 3504 olim
2379 3455 2532 3522 (mul-

1516 3533 1580 3581 tis
1608 3532 1746 3581 malis
1776 3531 1949 3581 afflixit
1962 3567 1976 3592 ‚
1999 3534 2271 3598 oppressit,
2301 3534 2354 3582 in
2374 3537 2536 3601 perni-

1518 3612 1641 3659 ciem
1674 3610 1849 3676 traxit)
1886 3611 2051 3677 gloria
2084 3629 2358 3676 paucorum
2399 3615 2531 3679 apud

1517 3689 1738 3736 Juvenal.
1761 3690 1842 3747 X,
1871 3698 1965 3746 142
1987 3707 2002 3749 ς
2025 3691 2165 3739 obrui
2184 3691 2349 3751 maltis,
2381 3711 2531 3748 κατα·

1517 3768 1774 3820 κλυσθῆναι
1794 3774 1974 3823 κακῶν,
1988 3783 2082 3821 etc.
2097 3774 2282 3822 Contra
2293 3787 2529 3839 emergere

1514 3845 1710 3893 dicitur.
1746 3845 1928 3894 Confer
1964 3848 2027 3893 ad
2062 3851 2140 3908 Π,
2166 3867 2263 3913 29,
2299 3868 2350 3900 n.
2391 3869 2437 3913 7.
2460 3880 2530 3889 —-

1511 3923 1780 3975 MManIii
1804 3939 1977 3987 opera,
2009 3939 2135 3989 ope:
2151 3929 2247 3976 nisi
2272 3945 2422 3994 opera
2454 3923 2533 3980 est

1509 4004 1639 4070 plur.
1653 4015 1784 4050 num.
1803 4002 1865 4050 ab
1884 4018 2043 4067 opere,
2061 4005 2223 4054 valido
2236 4022 2350 4057 saue
2365 4023 2529 4072 sensu;

1509 4084 1681 4132 Bauer.
1705 4082 1785 4132 Sic
1806 4093 1855 4131 et
1880 4083 1996 4131 Ern-
2021 4082 2234 4147 improb.
2260 4085 2432 4136 Sehaer.
2525 4107 2531 4120 ·
