3000 4717
494 325 547 420 ᾗ
569 316 736 425 ξ;ζ;ξ;
774 338 960 405 LIB.
991 337 1207 405 v111.
1250 337 1458 404 (ιιι).
1498 336 1900 403 XXXVII.
1941 337 2380 405 xxxvm.
2421 333 2548 407 511

440 463 659 532 venit.
699 462 799 528 Ea
835 456 1269 545 multitudO,
1305 469 1501 527 veste
1534 468 1817 526 mutata
1847 468 1920 525 et
1954 457 2191 552 specie
2229 481 2571 549 reorum⁷

438 568 674 642 tribus
724 569 976 641 circuit
996 622 1015 655 ‚
1061 566 1372 666 genibus
1428 587 1505 637 se
1560 567 1891 639 omnium
1934 566 2345 640 advolvens.
2396 569 2564 643 Plus

438 682 682 777 itaque
727 678 1216 750 misericordia
1255 674 1345 748 ad
1385 699 1623 775 poenae
1666 677 1953 748 veniam
1998 677 2563 775 impetrandam,

438 813 659 888 quam
709 811 919 860 causa
938 783 971 831 ⁶
1015 786 1107 858 ad
1163 788 1438 859 crimen
1494 786 1958 886 purgandum
2003 788 2243 860 valuit.
2302 790 2564 867 Tribus

437 923 689 971 omnes
709 953 730 988 ,
775 912 1034 997 praeter
1077 896 1417 985 Polliam,
1463 898 1936 994 antiquarunt
1971 898 2202 1021 legem
2230 908 2278 968 ⁷.
2322 901 2563 976 Polliae

436 1012 794 1083 sententia
843 1007 1021 1097 fuit,
1057 1006 1379 1106 puberes
1423 1001 1842 1079 verberatos
1883 1009 2164 1096 necari,
2217 1010 2565 1109 conjuges

432 1120 845 1217 liberosque
883 1115 1021 1191 sub
1064 1142 1336 1190 corona
1368 1118 1525 1217 lege
1555 1118 1728 1191 belli
1755 1120 2004 1191 venire
2024 1116 2089 1163 8·
2072 1122 2567 1193 .memoriam-

433 1255 578 1327 que
616 1231 774 1325 ejus
805 1232 926 1301 irae
946 1229 1368 1302 Tusculanis
1400 1233 1478 1301 in
1507 1255 1741 1329 poenae
1773 1244 1921 1301 tam
1949 1233 2209 1302 atrocis
2235 1246 2564 1303 auctores

429 1342 773 1412 mansisse
811 1340 903 1411 ad
937 1356 1230 1439 patrum
1270 1357 1551 1412 aetatem
1593 1356 1911 1432 constat,
1948 1367 2084 1414 nec
2121 1367 2563 1441 quemquam

313 1466 330 1486 ²
431 1449 659 1523 ferme
702 1476 791 1522 ex
826 1450 1051 1523 Pollia
1091 1451 1287 1523 tribu
1323 1453 1788 1525 candidatum
1832 1454 2183 1551 Papiriam
2221 1452 2407 1525 ferre
2453 1479 2563 1526 so·

432 1560 639 1632 litum
662 1570 714 1629 ⁹.

528 1671 928 1741 XXXVIII.
979 1672 1407 1768 Insequenti
1445 1695 1677 1759 anno,
1721 1673 1810 1762 Q.
1856 1670 2154 1760 Fabio¹‚
2198 1679 2276 1744 L.
2314 1661 2564 1748 Fulvio

430 1780 855 1853 consulibus
871 1835 892 1871 ‚
921 1786 1003 1854 A.
1026 1782 1405 1854 Cornelius
1431 1784 1696 1853 Arvina
1725 1782 2053 1872 dictator,
2082 1798 2152 1854 et
2179 1787 2277 1855 M.
2304 1785 2565 1859 Fabius

432 1888 823 1964 Ambustus
858 1894 1197 1990 magister
1230 1895 1562 1991 equitum
1584 1947 1604 1981 ‚
1643 1908 1839 1965 metu
1873 1896 2213 1990 gravioris
2249 1897 2327 1966 in
2364 1902 2565 1968 Sam-

432 2003 556 2071 nio
602 2000 776 2072 belli
832 2002 1242 2099 (conducta
1278 2004 1471 2074 enim
1511 2003 1747 2100 pretio
1786 2027 1827 2073 a
1863 2000 2191 2073 finitimis
2221 2004 2568 2098 juventus

431 2109 849 2209 dicebatur)
891 2115 1281 2185 intentiore
1318 2113 1605 2185 delectu
1641 2112 1932 2202 habito,
1969 2117 2337 2213 egregium
2372 2139 2566 2186 exer·

432 2221 659 2293 citum
694 2222 1036 2296 adversus
1066 2225 1422 2296 Samnites
1459 2223 1847 2296 duxerunt.
1885 2227 2132 2294 Castra
2169 2224 2244 2293 in
2281 2221 2564 2296 hostico

429 2421 561 2470 enim
582 2425 860 2487 exemplum
883 2426 1060 2485 statui,
1088 2427 1321 2491 publice
1306 2438 1457 2475 mter
1546 2424 1754 2490 tribum,
1778 2423 1878 2473 hoc
1900 2435 2000 2483 est,
2039 2425 2144 2485 ejus
2169 2426 2427 2490 suffragiu
2450 2426 2563 2475 vide

430 2509 557 2560 erat,
587 2512 637 2548 et
650 2501 796 2561 justae
817 2505 1087 2552 severitatis
1108 2516 1250 2554 erat:
1268 2506 1355 2553 sed
1374 2506 1458 2554 lex
1546 2504 1610 2552 ad
1647 2507 1751 2564 111,
1792 2504 1887 2564 64,
1924 2520 1976 2552 ιι.
2006 2504 2054 2552 3.
2084 2505 2350 2553 Tusculani
2376 2518 2566 2566 autem,

430 2579 492 2627 ab
512 2579 608 2627 illis
629 2580 877 2642 antiquata
898 2592 1004 2639 est,
1042 2582 1221 2644 quod'
1205 2598 1258 2628 ιιι
1286 2598 1457 2631 omnes
1545 2583 1632 2645 qui
1659 2583 1910 2630 civitatem
1945 2597 2071 2631 rom.
2109 2596 2400 2649 acceperant
2424 2584 2570 2651 (vide

427 2656 535 2705 sine
563 2658 843 2706 discrimine
877 2658 1049 2705 saevire
1076 2658 1273 2707 crudele
1301 2670 1350 2705 et
1377 2660 1453 2705 in·
1543 2660 1641 2718 VI,
1672 2661 1766 2717 263
1795 2662 1946 2719 VIII,
1982 2661 2106 2725 ι4),
2143 2662 2202 2709 in
2219 2664 2463 2727 Papiriam
2482 2665 2569 2712 tri-

428 2736 696 2786 humanum
724 2737 978 2785 videbatur
996 2753 1014 2800 ς
1041 2736 1452 2802 quemadmodum
1542 2736 1661 2783 bum
1677 2747 1816 2784 erant
1832 2737 2043 2797 conjecti
2054 2771 2069 2794 ‚
2088 2749 2138 2785 et
2157 2740 2213 2785 in
2234 2756 2289 2786 ea
2304 2741 2568 2803 plurimum

428 2832 580 2882 quum
620 2818 785 2882 plures
798 2852 814 2877 ,
852 2816 941 2864 sed
975 2817 1060 2865 alii
1087 2816 1194 2864 aliis
1223 2815 1415 2879 gravius
1435 2847 1451 2873 ‚
1539 2824 1786 2878 poterant.
1809 2814 1992 2862 Confer
2008 2814 2172 2863 Valet.
2195 2818 2334 2865 Max.
2357 2821 2460 2878 lx,
2484 2835 2566 2881 10,

432 2896 765 2963 deliquerunt,
801 2897 901 2945 fere
936 2907 1126 2945 tantum
1143 2896 1199 2943 in
1224 2905 1448 2942 auctores

428 2976 659 3025 facinoris
689 2976 1010 3025 animadverti
1046 2976 1186 3026 solet.
1229 2972 1448 3040 (Confer

430 3070 536 3119 cap.
565 3055 665 3118 14.)
692 3057 916 3119 Denique
938 3056 1000 3104 de
1021 3055 1250 3104 omnibus
1269 3054 1452 3102 Tuscu·

427 3133 553 3181 lanis
577 3133 724 3181 latam
744 3134 893 3182 fuisse
912 3136 1217 3199 rogationem
1229 3168 1243 3192 ‚
1264 3132 1450 3182 indicio

430 3223 545 3260 sunt
563 3222 667 3259 tum
683 3211 832 3260 verba
851 3213 978 3260 Livii
986 3214 1102 3276 plus
1120 3210 1452 3261 misericordia

431 3290 672 3346 ..nmium
696 3307 805 3353 quae
833 3291 894 3338 de
922 3292 1091 3356 paucis
1110 3293 1197 3340 vix
1216 3291 1316 3339 dici
1335 3306 1452 3355 pos-

430 3378 569 3428 sunt,
588 3380 694 3417 tum
711 3371 937 3433 pertinax
956 3370 1040 3417 illa
1060 3370 1453 3419 Tusculanorum

430 3448 484 3495 in
511 3459 611 3496 tam
647 3449 829 3496 atrocis
869 3465 1028 3513 poenae
1064 3460 1287 3498 auctores
1315 3450 1402 3497 ira.
1427 3471 1452 3491 n

344 3592 355 3604 α
430 3528 542 3577 Huc
560 3527 778 3587 accedit,
818 3528 954 3592 quod
982 3528 1036 3575 in
1073 3528 1102 3575 5
1123 3525 1250 3578 Mss‘
1276 3529 1453 3592 legitur

430 3608 570 3671 quod
577 3623 758 3664 eorum,
782 3608 895 3655 etin
909 3623 1009 3655 uno
1023 3608 1257 3671 quoniam
1270 3622 1451 3654 eorum.

500 3688 552 3735 6.
587 3688 746 3749 Quam
773 3703 926 3734 causa
940 3721 955 3746 ,
982 3702 1140 3734 eausae
1160 3697 1339 3745 status,
1376 3701 1452 3734 res

426 3765 560 3830 ipsa;
585 3768 734 3815 Doer.

502 3861 527 3906 7
536 3879 549 3893 .
565 3846 904 3910 Antiquarum
915 3845 1065 3910 Iegem
1077 3845 1307 3893 Flaviam.
1324 3843 1452 3893 Con·

427 3923 500 3971 fer
523 3924 585 3971 ad
610 3926 675 3983 V,
700 3925 765 3972 58
784 3958 800 3983 ‚
827 3939 878 3971 n.
913 3939 988 3971 ιο.

503 4005 549 4051 8.
568 4005 663 4051 Sub
680 4019 864 4051 corona
878 4001 1064 4059 venire,
1084 4005 1213 4061 v.11‚
1234 4018 1256 4049 1
1268 4018 1314 4062 7,
1331 4017 1380 4048 n.
1399 4003 1450 4051 3.

504 4098 550 4142 9.
574 4083 830 4146 Papiriam
847 4081 986 4146 ferre
1010 4082 1203 4130 solitum
1219 4117 1234 4138 ,
1267 4082 1452 4129 scilicet

1536 2908 1586 2940 n.
1623 2907 1644 2938 1
1662 2925 1677 2950 ‚
1703 2903 1753 2940 et
1774 2891 1836 2939 de
1855 2891 2053 2940 civitate
2071 2927 2087 2952 ‚
2116 2894 2405 2944 Tusculanis
2428 2897 2565 2958 data,

1538 2988 1685 3035 supra
1705 2971 1769 3019 ad
1790 2973 1862 3018 VI
1877 3006 1891 3029 ‚
1914 2972 1980 3019 26
1997 3006 2013 3030 ‚
2032 2987 2084 3020 n.
2114 2979 2162 3028 4.

1610 3051 1732 3100 Car.
1762 3051 2057 3099 XXXVIII.
2094 3067 2137 3099 1.
2184 3055 2236 3099 L.
2264 3053 2429 3101 Fulvio
2439 3072 2461 3112 ;
2499 3054 2561 3104 de

1540 3147 1601 3182 eo
1636 3131 1707 3179 sic
1734 3129 1882 3178 habet
1915 3130 2102 3178 Plinius
2121 3133 2241 3190 vn,
2277 3133 2341 3187 43
2366 3146 2380 3180 :
2406 3133 2498 3181 Est
2517 3146 2567 3182 et

1538 3213 1598 3257 Ι..
1635 3210 1826 3259 Fulvius
1875 3210 2001 3257 inter
2048 3210 2258 3275 insignia
2306 3214 2529 3277 exempla
2543 3249 2559 3272 ,

1547 3290 1926 3337 Tusculanorum
1976 3289 2311 3337 rebellantium
2361 3294 2532 3340 consul
2542 3328 2560 3351 ,

1539 3368 1805 3433 eodemque
1830 3367 2038 3426 honore,
2082 3384 2229 3432 quum
2283 3370 2560 3429 transisset,

1542 3459 1807 3495 exornatus
1827 3446 2074 3512 confestim
2085 3463 2119 3494 a
2125 3449 2313 3512 populo
2328 3465 2533 3498 romano
2541 3469 2564 3508 ,-

1543 3527 1629 3590 qui
1666 3526 1795 3580 solus
1839 3526 2008 3573 eodem
2048 3543 2179 3574 anno
2191 3561 2207 3583 ,
2258 3544 2355 3591 quo
2385 3527 2566 3592 sicerae

1541 3604 1692 3653 hostis
1703 3640 1717 3662 ‚
1746 3605 1912 3653 Romoe
1929 3604 2241 3670 triumphavit
2247 3640 2263 3662 ‚
2289 3622 2354 3653 ex
2370 3604 2430 3653 iis
2444 3623 2563 3670 quo-

1542 3700 1648 3731 rum
1704 3685 1875 3731 consul
1901 3682 2092 3748 ficerat.
2144 3688 2261 3732 Haec
2301 3685 2562 3735 conciliare

1543 3779 1655 3810 cum
1688 3762 1815 3809 Livii
1853 3763 2128 3811 narratione
2173 3761 2234 3809 de
2276 3764 2564 3814 Tusculanis

1540 3841 1676 3889 haud
1710 3841 1851 3889 facile
1891 3853 1978 3890 est.
2021 3842 2343 3906 Triumphum
2387 3843 2562 3894 Fulvio

1540 3921 1764 3969 tribuunt
1785 3920 1997 3985 Capitol.
2018 3921 2145 3969 Fasti
2158 3955 2172 3980 ,
2195 3920 2282 3968 sed
2301 3921 2362 3970 de
2380 3924 2566 3973 Samni-

1541 4000 1690 4047 tibus.
1714 4002 1806 4048 En.
1823 4027 1893 4037 —-
1917 3999 2092 4047 Castra
2120 4000 2171 4048 in
2207 3999 2419 4060 hostico,
2446 4004 2562 4052 vide

1544 4079 1606 4127 ad
1632 4096 1739 4143 cap.
1771 4095 1828 4125 ια
1848 4113 1861 4136 ,
1881 4095 1934 4127 ιι.
1955 4095 2022 4126 11.
