3000 4717
417 404 467 441 A.
495 399 544 439 C.
570 400 663 445 403.

403 461 665 513 vm...
798 421 1115 489 LIBER
1163 420 1299 489 lv.
1347 408 1574 485 ‘CAR
1628 420 1834 485 LIX.
1889 420 2047 487 Lx.
2356 420 2487 492 113

362 542 694 612 venirent
730 567 746 609 ε
790 537 881 610 ab
921 539 1059 610 illis
1100 564 1397 636 quoque
1437 537 1869 611 exercitibus
1909 555 2199 639 captum
2238 549 2492 618 Anxur

366 653 701 723 dictitans
731 672 883 721 esse
900 704 920 739 ‚
951 651 1078 746 qui
1107 663 1397 720 caeteros
1415 649 1717 720 Volscos
1745 674 1786 720 a
1813 649 2142 747 praesidio
2172 654 2325 749 ejus
2351 655 2494 726 loci
2584 722 2604 741 „

259 786 270 794 ·
368 764 811 833 avertissent.
831 762 975 852 Qui
997 759 1126 831 ubi
1149 774 1537 847 venerunt,
1564 759 1917 859 oppidum
1941 775 2181 833 vetere
2203 762 2496 838 fortuna

368 872 799 969 opulentum
850 885 993 943 tres
1039 872 1396 942 exercitus
1431 869 1806 970 'diripuere
1843 899 1859 942 z
1908 894 2138 969 eaque
2181 876 2498 971 primum

367 982 776 1080 benignitas
810 984 1329 1080 imperatorum
1365 978 1657 1079 plebem
1698 982 2028 1054 Patribus
2066 985 2528 1056 conciliavit.'

369 1090 715 1163 Additum
748 1090 1013 1162 deinde
1043 1093 1371 1162 omnium
1404 1093 1714 1163 maxime
1740 1092 2214 1191 tempestivo⁵
2234 1097 2500 1193 princi-

370 1225 549 1299 pum
575 1202 653 1271 in
678 1200 1218 1272 multitudinem
1243 1218 1582 1290 munere,
1607 1216 1690 1271 ut
1718 1218 1885 1273 ante
1913 1206 2364 1275 mentionem
2390 1206 2507 1276 ul-

372 1309 512 1380 lam
561 1310 792 1407 plebis
827 1310 1382 1382 tribunorumve
1424 1311 1851 1382 decerneret
1894 1327 2220 1403 senatuS‚
2255 1330 2339 1385 ut
2379 1318 2507 1386 sti-

373 1419 769 1518 pendium⁶
794 1423 999 1493 miles
1044 1420 1135 1491 de
1179 1418 1474 1518 publico
1514 1422 1906 1517 acciperet,
1945 1447 2175 1519 quum
2222 1439 2386 1495 ante
2431 1424 2507 1496 id

374 1546 665 1629 tempus
699 1532 834 1603 de7
867 1556 999 1603 suo
1038 1532 1352 1628 quisque
1390 1528 1683 1600 functus
1716 1555 1804 1600 eo
1837 1555 2143 1603 munere
2179 1546 2385 1604 esset.

472 1648 619 1713 LX.
658 1642 855 1715 Nihil
889 1655 1266 1739 acceptum
1298 1664 1622 1737 unquam
1666 1665 1706 1710 a
1743 1639 1955 1738 plebe
1999 1657 2201 1712 tanto
2242 1644 2508 1740 gaudio

376 1753 704 1824 traditur.
735 1757 1182 1823 Concursum
1211 1752 1456 1846 itaque
1485 1750 1578 1820 ad
1605 1753 1878 1821 curiam
1908 1776 2089 1839 esse,
2113 1768 2512 1849 prensatas-

379 1875 560 1960 que1
590 1863 1014 1935 exeuntium
1045 1884 1339 1950 manus,
1372 1875 1444 1931 et
1472 1865 1711 1932 Patres
1736 1886 1907 1933 vere
1942 1862 2369 1961 appellatos3
2405 1863 2511 1935 ef-

378 1973 650 2046 fectum
701 1998 855 2046 esse
903 1970 1337 2060 fatentib=uS‚
1376 1985 1462 2041 ut
1511 1995 1730 2042 nemo
1782 1996 1919 2070 pro
1969 1987 2114 2043 tam
2172 1975 2516 2046 munifica

376 2086 641 2183 patria,
666 2082 902 2154 donec
925 2080 1326 2180 quidquam
1346 2081 1607 2152 virium
1628 2096 2063 2181 superesset,
2084 2088 2374 2182 corpori
2392 2102 2515 2157 aut

378 2195 709 2294 sanguini
755 2219 886 2264 suo
934 2206 1283 2290 parceret.
1341 2194 1638 2282 Quum²
1670 2192 2148 2264 commoditas
2183 2195 2467 2290 juvaret
2491 2251 2512 2285 ,

379 2331 532 2377 rem
576 2304 999 2375 familiarem
1039 2304 1288 2374 saltem
1333 2306 1792 2399 acquiescere
1831 2328 1921 2375 eo
1958 2319 2324 2404 tempore,
2364 2331 2515 2405 quo

384 2438 646 2510 corpus
698 2413 1063 2485 addictum
1117 2427 1337 2509 atque
1388 2427 1769 2511 operatum
1826 2412 2240 2512 reipublicae
2293 2431 2478 2488 esset
2497 2473 2519 2504 ‚

386 2538 540 2593 tum
562 2576 582 2610 ‚
621 2523 822 2619 quod
864 2523 1056 2593 ultro
1113 2520 1250 2593 sibi
1291 2520 1619 2593 oblatum
1665 2537 1886 2611 esset,
1921 2550 2072 2595 non
2118 2550 2159 2596 a
2208 2525 2520 2597 tribunis

386 2628 621 2730 plebis
653 2655 974 2727 unquam
1002 2631 1382 2727 agitatum,
1410 2656 1564 2702 non
1596 2633 1742 2704 suis
1775 2634 2227 2707 sermonibus
2261 2635 2520 2734 efflagi-

389 2840 690 2897 xxxm,
719 2839 785 2886 36
801 2870 822 2896 ‚
851 2836 913 2884 al.
956 2835 1139 2885 Confer
1164 2835 1320 2883 Gron.
1351 2834 1418 2882 ad
1508 2838 1605 2897 373
1638 2848 1688 2885 et
1716 2838 1848 2901 Lips.
1872 2838 1984 2887 Mil.
2000 2840 2214 2897 RomN,
2236 2840 2315 2886 16.
2335 2865 2406 2877 —-·
2424 2840 2522 2886 Hic

388 2921 467 2978 X,
503 2934 561 2978 17
589 2918 800 2978 ;Morus
825 2916 880 2964 in
904 2915 1015 2964 Ind.
1042 2915 1195 2973 Caes.,
1223 2926 1272 2962 et
1297 2915 1415 2961 Ern.

390 2996 455 3045 ad
473 3000 606 3047 Suet.
628 2997 751 3045 Caes.
771 3011 857 3043 20.
872 3022 944 3033 —-
959 2994 1195 3059 Aprceda
1217 2992 1416 3041 milicem

393 3075 650 3132 abstinuit,
679 3075 795 3123 vide
817 3073 881 3122 ad
906 3076 958 3122 11
977 3108 993 3134 ‚
1019 3091 1084 3122 22
1104 3108 1118 3133 ,
1143 3090 1194 3122 n.
1225 3073 1274 3120 3.

464 3153 512 3201 5.
544 3154 835 3217 Tempeseivo
863 3153 1141 3219 principum
1170 3153 1221 3201 in
1252 3151 1414 3200 multi-

396 3230 609 3278 tudinem
633 3248 855 3290 munere,
893 3233 1104 3282 instante
1129 3233 1414 3297 gravissimo

393 3310 525 3358 bello
540 3343 556 3368 ‚
579 3311 721 3375 plebe
750 3313 984 3360 fremente
1006 3323 1055 3360 et
1081 3308 1291 3360 tribunis
1311 3326 1417 3359 eam

396 3388 769 3436 incendentibus
793 3405 807 3438 ε
826 3390 1128 3454 principum,
1150 3391 1238 3453 qui
1260 3390 1315 3438 id
1333 3390 1417 3438 de·

399 3478 656 3515 creverunt
675 3479 849 3531 sponte
861 3499 876 3524 ,
900 3479 948 3515 et
969 3469 1232 3533 plurimum
1250 3481 1420 3517 contu-

397 3548 574 3595 lerunt.
605 3545 943 3609 Tempestivum
965 3562 1136 3593 munus
1157 3546 1211 3594 in
1235 3547 1423 3610 aliquot

399 3627 526 3674 Mss
550 3623 690 3689 quod
710 3622 901 3670 facilius
932 3634 1034 3682 est,
1077 3623 1163 3671 sed
1197 3624 1422 3672 emenda-

400 3705 589 3753 tionem
617 3702 822 3751 redolet.

471 3783 520 3830 6.
555 3785 618 3830 Ue
648 3780 939 3845 stipendium
981 3779 1114 3826 miles
1150 3779 1212 3824 de
1226 3780 1424 3841 publico

402 3860 667 3924 acciperet,
697 3874 806 3923 quae
830 3875 906 3906 res
928 3857 991 3905 ad
1016 3872 1142 3905 onus
1159 3857 1344 3905 militiae
1361 3858 1426 3905 le-

402 3939 617 3989 vandum
632 3973 647 3997 ‚
669 3937 733 3987 ad
754 3937 1023 4001 augendam
1042 3952 1229 3984 roman.
1248 3946 1424 4000 poten-

403 4021 521 4069 tiam
534 4053 550 4078 ‚
569 4030 617 4067 et
630 4018 693 4066 ad
706 4015 1094 4066 reconciliandos
1111 4014 1429 4080 patriciorum

405 4090 805 4163 plebeiorumque
840 4096 1028 4145 animos
1058 4094 1322 4159 plurimum
1344 4110 1429 4141 va-

405 4173 513 4226 luit.
531 4180 607 4226 De
622 4178 719 4225 hoc
739 4176 987 4242 stipendio
1009 4174 1122 4224 vide
1135 4174 1313 4239 Polyb.
1330 4175 1404 4222 VI
1415 4208 1431 4234 ‚

649 4267 746 4332 II.

1505 2914 1703 2962 militem
1725 2930 1818 2979 pro
1833 2915 2003 2978 pedite
2025 2917 2152 2963 sumi
2173 2927 2313 2963 notat
2346 2918 2525 2965 Creve-

1506 2992 1632 3052 rius,
1662 3004 1711 3041 et
1734 2993 1802 3041 ita
1824 3004 1979 3052 recte;
2016 3010 2128 3040 nam
2150 2994 2302 3056 equiti
2319 3009 2423 3041 non
2449 3011 2525 3042 as-

1504 3075 1747 3138 signatum
1771 3084 1844 3121 est
1868 3072 2192 3136 stipendium,
2227 3073 2324 3120 nisi
2349 3084 2524 3137 quarto

1504 3165 1621 3220 post
1645 3152 1780 3200 hunc
1806 3151 2092 3200 anno.‘Vide
2114 3152 2267 3211 lib.v‚
2293 3169 2336 3201 e.
2364 3169 2410 3214 7.
2434 3156 2527 3202 En.

1578 3248 1625 3295 7.
1656 3234 1733 3280 De
1768 3248 1857 3279 suo
1898 3247 2047 3279 censu
2083 3230 2298 3297 (privato
2336 3245 2527 3297 sumptu

1505 3309 1666 3378 Fest.)
1685 3311 1886 3377 quisque
1886 3308 2090 3376 fimctus
2103 3327 2161 3359 eo
2175 3327 2368 3358 munere
2380 3325 2527 3370 esset,

1505 3392 1561 3440 id
1584 3390 1811 3440 beneficii
1833 3389 2113 3454 reipublicae
2137 3390 2458 3455 prestitisset.

1578 3472 1701 3520 Cu.
1729 3471 1837 3518 Lx.
1878 3484 1921 3515 1.
1958 3471 2223 3517 Prensatas
2253 3469 2532 3517 exeuntium

1510 3565 1708 3606 manus,
1736 3547 1852 3596 vide
1871 3546 1934 3594 ad
1956 3549 2032 3607 H,
2060 3549 2153 3606 61,
2176 3564 2226 3594 n.
2249 3555 2297 3603 4.

1581 3644 1631 3674 2.
1658 3628 1840 3689 Quum,
1869 3636 2000 3688 tum,
2022 3624 2370 3682 commoditas,
2401 3639 2529 3672 com-

1512 3705 1740 3764 modum,
1764 3703 1948 3751 utilitas
1975 3702 2413 3766 opportunitasque
2440 3703 2533 3751 hn-

1506 3785 1590 3845 jus
1614 3781 1857 3847 muneris,
1882 3778 2083 3843 juvaret
2111 3778 2282 3843 (prop.
2291 3778 2505 3844 juvabat
2514 3818 2531 3840 ,

1518 3861 1697 3923 dequo
1720 3857 1835 3905 vide
1860 3857 1924 3904 ad
1948 3859 2056 3915 111,
2085 3858 2182 3916 34,
2206 3873 2257 3905 n.
2290 3855 2376 3924 1),
2406 3859 2458 3907 h.
2488 3878 2531 3909 e.

1518 3939 1777 3986 delectaret
1798 3935 2092 4001 accipientes
2105 3970 2119 3995 ,
2145 3934 2207 3985 iis
2231 3948 2363 4000 grata
2388 3951 2538 3999 esset,

1519 4016 1653 4082 quod
1679 4015 1865 4064 scilicet
1895 4030 1970 4062 res
1990 4013 2266 4079 familiaris
2303 4019 2538 4083 cujusque

1519 4106 1712 4161 poterat
1735 4094 2063 4160 acquiescere,
2098 4109 2202 4142 non
2241 4095 2421 4157 minui,
2452 4114 2537 4146 seu

1522 4175 1687 4235 atteri,
1718 4185 1809 4222 etc.
1837 4202 1902 4212 --
1935 4175 2198 4239 operatum
2216 4208 2231 4234 ‚
2262 4175 2375 4235 vide
2401 4174 2462 4222 ad
2484 4178 2537 4234 1,

2110 4258 2152 4325 8
