3000 4717
2198 310 2248 349 A.
2267 308 2322 350 C.
2351 312 2576 359 423—421‘.

2191 369 2246 410 11.
2270 372 2318 410 C.
2349 374 2574 425 329—331.

518 355 607 427 72
1360 332 1437 398 T.
1505 332 1780 400 LIVII

509 452 739 523 Julius
780 452 1003 524 Julus.
1041 450 1540 549 Spectaculum
1561 464 1581 494 ¹
1608 454 1942 523 comitate
1977 451 2191 522 etiam
2217 451 2584 550 hospitum
2604 447 2642 545 ‚'

511 563 600 633 ad
641 564 840 659 quod
878 562 1171 661 publico
1207 587 1565 633 consensu
1604 576 1950 635 venerant
1973 618 1992 651 ,
2028 560 2319 633 advenis
2361 569 2627 661 gratius

513 670 668 742 fuit.
701 679 867 744 Post
890 674 1100 745 ludos
1118 728 1136 757 ‚
1160 675 1543 745 conciones
1571 674 1921 745 seditiosae
1953 671 2409 743 tribunorum
2430 675 2626 771 plebi

511 779 805 854 fuerunt
825 838 844 871 ,
868 781 1408 882 objurgantium
1440 785 2009 873 multitudinem,
2043 784 2271 880 quod,
2300 784 2623 855 admira-

508 898 986 966 tione-eorum
1026 920 1207 993 quos
1263 895 1515 966 odisset
1544 912 1873 993 stupens,
1923 903 2000 965 in
2044 911 2310 966 ceterno
2352 919 2423 966 se
2467 903 2626 993 ipsa

505 1017 771 1075 teneret
794 1012 1069 1082 servitio
1098 1034 1118 1076 .-
1156 1024 1231 1078 et
1262 1031 1411 1076 non
1447 1006 1668 1077 modo
1698 1006 1805 1077 ad
1824 1016 2065 1104 spem²
2089 1005 2501 1078 consulatus
2549 1012 2624 1076 in

495 1130 786 1211 part-em
822 1115 1305 1187 revocandam
1352 1122 1677 1211 aspirare
1705 1141 1852 1185 non
1883 1113 2215 1200 auderet,
2249 1114 2383 1184 sed
2419 1141 2510 1185 ne
2549 1122 2624 1185 in

506 1225 809 1297 tribunis
887 1226 1173 1323 quidem
1226 1226 1533 1309 militum
1584 1227 1911 1297 creandis
1949 1231 2165 1322 (quse
2214 1235 2623 1299 communia
2691 1229 2697 1236 ’

510 1353 740 1406 essent
763 1344 1049 1407 comitia
1069 1353 1361 1433 patrum
1395 1335 1484 1406 ac
1510 1336 1826 1436 plebis),
1850 1355 1981 1408 aut
2000 1343 2144 1423 sui,
2172 1354 2302 1418 aut
2332 1362 2623 1411 suorum

492 1452 948 1521 meminisset.
978 1454 1365 1518 Desineret
1384 1473 1551 1545 ergo
1579 1454 1864 1535 mirari,
1903 1474 2036 1521 cur
2061 1474 2274 1519 nemo
2306 1451 2399 1520 de
2433 1476 2621 1521 com·

507 1553 738 1626 modis
762 1555 995 1651 plebis
1018 1573 1266 1653 ageret
1283 1584 1303 1625 .·
1337 1583 1420 1628 eo
1439 1555 1467 1600 ³
1505 1558 1827 1656 impendi
1859 1558 2180 1629 laborem
2222 1584 2314 1630 ac
2333 1567 2623 1655 pericu-

485 1661 657 1753 ‘lum
681 1716 701 1748 ,
742 1664 937 1734 unde
975 1665 1531 1739 emolumentum
1563 1686 1781 1763 atque
1808 1668 2038 1741 honos
2065 1685 2420 1766 speretur.-
2443 1667 2633 1740 nihil

512 1797 660 1843 non
711 1799 1170 1869 aggressuros
1215 1778 1540 1849 homines
1558 1833 1578 1864 ,
1621 1785 1687 1848 si
1725 1804 1994 1875 magna
2033 1785 2308 1849 conatis
2356 1802 2625 1875 magna

494 1893 816 1984 praemia
840 1904 1372 1984 proponantur.
1410 1895 1501 1960 Ut
1528 1887 1815 1987 quidem
1844 1888 2108 1985 aliquis
2140 1889 2464 1961 tribunus
2478 1887 2626 1986 ple-

513 1994 623 2065 bis
660 2011 828 2065 ruat
863 2021 1091 2069 ccecus
1134 2003 1206 2068 in
1252 2004 1644 2070 certamina
1666 1996 1998 2095 periculo
2046 2002 2316 2092 ingenti
2324 2052 2345 2082 ,
2368 2000 2627 2086 fructu

509 2104 750 2186 nullo;
779 2130 877 2176 ex
917 2107 1178 2203 quibus
1201 2134 1346 2205 pro
1384 2125 1575 2181 certo
1612 2106 1916 2192 habeat,
1961 2111 2207 2174 Patres
2225 2159 2246 2189 ,
2287 2105 2627 2182 adversus

507 2241 694 2314 quos
713 2218 1060 2305 tenderet,
1097 2219 1281 2289 bello
1312 2216 1735 2316 inexpiabili
1761 2241 1835 2287 se
1856 2229 2391 2313 persecuturos,·
2418 2214 2633 2312 apud

491 2326 790 2422 plebem
804 2381 825 2414 ,
844 2355 992 2424 pro
1026 2356 1174 2428 qua
1209 2324 1676 2411 dimicaiaeerit,
1714 2324 1941 2395 nihilo
1975 2350 2048 2396 se
2085 2323 2631 2397 honoratiorem

485 2438 663 2528 fore
681 2492 701 2524 ,
759 2465 994 2535 neque
1049 2438 1484 2535 sperandum
1511 2492 1532 2522 ,
1582 2461 1814 2531 neq-ue
1859 2433 2391 2533 postulandum
2447 2459 2623 2506 esse.

509 2544 817 2643 Magnos
842 2551 1125 2619 animos
1160 2552 1440 2643 magnis
1469 2545 2090 2645 lzonorz‘busfien':
2116 2550 2474 2616 neminem
2491 2548 2522 2596 ‘⁵
2549 2571 2626 2618 se

489 2655 859 2753 plebeium
905 2668 1500 2754 contempturum,
1535 2655 1659 2726 ubi
1687 2663 2047 2728 contemni
2078 2657 2418 2728 desissent·
2440 2684 2461 2726 .-
2503 2680 2625 2728 ex-

575 2837 699 2886 CAP.
727 2838 946 2893 XXXV,
983 2852 1030 2897 ι.
1058 2836 1435 2899 Spectaculum,
1451 2833 1528 2882 ad

501 2917 639 2979 quod
655 2916 852 2981 publico
881 2932 1108 2963 consensu
1142 2926 1406 2972 venerant,
1439 2930 1520 2961 co-

501 2994 694 3052 mitate,
718 3008 811 3045 ete.
841 2998 914 3043 Ita
938 2996 1065 3043 forte
1088 2993 1348 3058 legendum
1368 3006 1522 3041 trans-

499 3074 676 3133 positis
709 3076 889 3132 verbis..
926 3075 1021 3123 Sed
1059 3075 1226 3131 Livius
1258 3074 1439 3136 passim
1470 3084 1521 3123 et

501 3147 690 3209 singula
708 3147 854 3195 verba
873 3159 920 3195 et
936 3148 1201 3194 sententias
1218 3148 1494 3211 transponit
1505 3182 1520 3207 ,

501 3242 549 3271 v.
583 3240 631 3270 c.
659 3239 990 3290 praeterquam
1025 3226 1151 3272 infra
1188 3239 1296 3290 cap.
1339 3227 1403 3280 48
1441 3244 1517 3293 pr.

500 3300 615 3366 (ubi
639 3302 753 3348 vide
778 3316 881 3355 not.
910 3306 957 3368 1)
982 3304 1205 3352 adversm
1229 3303 1520 3354 intercessio-

498 3396 609 3428 nem
636 3381 836 3446 collega·
865 3383 952 3430 inf.
982 3399 1088 3449 cap.
1120 3383 1182 3430 53
1212 3384 1338 3433 med.
1374 3384 1394 3450 (
1408 3402 1518 3450 quae

498 3460 648 3508 verba
675 3477 785 3507 cum
812 3460 932 3523 illis,
958 3462 1146 3511 aua-ilio
1163 3462 1363 3529 ficturos
1390 3479 1513 3523 esse,

489 3538 742 3604 jungenda
764 3546 911 3605 sunt)
937 3554 1127 3615 repente
1143 3545 1213 3603 V,
1238 3544 1265 3591 8
1286 3559 1360 3609 pr.
1384 3531 1520 3607 quod

497 3618 658 3668 minus
681 3620 793 3667 voci
806 3620 1044 3691 proditis,
1073 3639 1217 3694 quam
1244 3611 1518 3696 oppressum

498 3709 594 3756 est,
618 3699 865 3748 convenit.
888 3701 1071 3749 Confer
1098 3719 1208 3768 sup.
1236 3701 1299 3749 ad
1323 3716 1431 3763 cap.
1458 3717 1486 3748 2
1501 3736 1516 3761 ,

496 3792 550 3836 ιι.
572 3778 629 3836 3,
648 3791 695 3827 et
713 3782 818 3841 111,
837 3796 928 3841 72,
950 3798 1001 3828 ιι.
1020 3782 1076 3838 3,
1096 3794 1143 3829 et
1166 3781 1310 3829 verba
1329 3780 1517 3845 majore

497 3858 623 3904 mole
646 3861 713 3919 V,
748 3874 835 3918 12,
861 3877 910 3908 ιι.
950 3862 1009 3920 6,
1037 3878 1145 3924 quae
1181 3861 1244 3909 ad
1282 3859 1517 3907 remotius

1607 2834 1777 2898 mitate
1798 2836 1944 2898 etiarn
1968 2835 2189 2900 hospitii,
2216 2835 2266 2881 in
2294 2851 2442 2898 quam
2468 2832 2624 2880 consi-

1609 2915 1674 2962 lio
1680 2916 1894 2978 publico,
1907 2915 1987 2964 ve}
2004 2915 2054 2962 in
2067 2930 2219 2978 quam
2219 2911 2416 2978 publice
2428 2927 2624 2959 consen*-

1607 3007 1785 3044 serant.

1677 3089 1727 3118 α.
1763 3074 1849 3119 Ad
1874 3089 2005 3134 spem
2040 3073 2317 3125 consulatus
2350 3071 2401 3117 in
2427 3081 2624 3134 partem

1608 3164 1767 3206 suam,
1790 3164 1874 3194 seu
1895 3146 2053 3212 plebis
2075 3148 2421 3205 revocandam,
2443 3163 2625 3195 vocan-

1607 3226 1743 3285 dam3
1761 3227 1839 3273 vel
1851 3237 1907 3274 ut
1920 3223 2196 3274 consulatus
2206 3261 2221 3285 ‚
2239 3238 2323 3274 aut
2335 3226 2478 3273 unius
2492 3236 2625 3273 certe

1604 3306 1703 3353 loci
1728 3305 1973 3370 particeps
1998 3302 2151 3353 fieret.
2181 3306 2325 3354 Confi
2355 3304 2417 3352 ad
2442 3306 2507 3363 V,
2537 3318 2624 3364 αι,

1603 3400 1653 3431 ιι.
1681 3392 1739 3442 4,
1766 3393 1815 3431 et
1835 3384 1962 3442 VII,
1992 3389 2085 3443 22,
2109 3400 2160 3431 n.
2188 3392 2240 3444 4.,

1675 3463 1723 3511 3.
1747 3464 1823 3511 Εο
1848 3461 2060 3527 impendi
2071 3463 2316 3530 ⁴laborem,
2340 3473 2433 3511 etc.
2454 3461 2623 3510 confer

1606 3558 1751 3607 supra
1778 3558 1887 3606 cap.
1914 3559 1942 3588 α
1967 3541 2304 3608 pru—Magna
2322 3541 2533 3599 conatis,
2559 3540 2622 3589 iis
2715 3603 2720 3607 .

1606 3621 1691 3684 qui
1725 3636 1896 3684 magna
1929 3619 2249 3680 conarentur,
2277 3619 2523 3667 auderent.
2549 3646 2624 3655 --

1604 3701 1738 3748 Ruat
1759 3716 1939 3760 coecus,
1969 3699 2083 3750 vide
2108 3700 2172 3747 ad
2196 3701 2300 3757 IX,
2329 3698 2379 3755 5,
2405 3713 2454 3744 n.
2485 3705 2622 3752 4.-

1605 3780 1739 3827 Bello
1772 3779 2083 3843 inexpiabili,
2114 3779 2228 3827 vide
2261 3777 2324 3824 ad
2355 3777 2616 3835 XXXIX,

1603 3857 1691 3917 51,
1714 3875 1765 3907 n.
1796 3859 2100 3922 3.-—Neque
2119 3855 2435 3921 sperandum,
2462 3870 2617 3919 neque

498 3938 837 3985 tractabantur
869 3938 1120 3986 referenda
1153 3950 1321 3987 monet
1355 3938 1509 3987 Periz.
1587 3938 1937 4001 postulandum
1962 3952 2083 3994 esse,
2116 3948 2170 3985 ut
2194 3936 2371 4000 aliquis
2388 3934 2618 3983 'tribunus

495 4012 640 4061 conf.
660 4031 770 4079 sup.
794 4016 859 4063 ad
879 4033 984 4080 cap.
1006 4033 1034 4063 α
1051 4052 1065 4076 ,
1088 4034 1140 4066 ιι.
1166 4017 1214 4076 3,
1240 4029 1290 4065 et
1317 4018 1380 4065 ad
1404 4019 1510 4082 111,
1589 4016 1776 4081 plebis,
1811 4026 1905 4064 etc.

495 4106 588 4152 72,
612 4108 662 4139 n.
691 4094 738 4141 3.
767 4093 871 4142 Alii
898 4096 1026 4155 conj.
1053 4095 1129 4144 ad
1149 4112 1296 4158 quos,
1324 4097 1402 4145 vel
1428 4112 1510 4144 co·

1670 4103 1717 4150 4.
1733 4093 1982 4143 Neminem
1998 4108 2051 4141 se
2058 4091 2300 4157 plebeium
2318 4101 2612 4156 contempen-
