3000 4717
452 379 697 486 &28:322
819 402 1133 469 LIBER
1181 399 1361 469 vn.
1416 398 1627 466 cAP.
1681 399 2096 468 xxxvn.
2374 398 2513 483 413

402 518 624 590 altera
647 543 950 607 corona,
980 517 1302 613 ejusdem
1329 516 1628 587 honoris
1664 517 1880 586 index
1902 571 1921 603 ,
1953 541 1992 585 a
2019 515 2351 613 praesidio
2380 543 2514 590 suo
2578 595 2583 602 ,

402 629 734 727 imposita
788 644 910 700 est.
965 632 1090 699 His
1149 626 1528 698 decoratus
1583 625 1985 722 insignibus
2044 624 2308 697 bovem
2363 632 2511 700 exi-

400 739 627 809 mium
656 741 867 810 Marti
893 737 1335 833 immolavit,
1359 749 1648 807 centum
1686 734 1909 807 boves
1941 729 2289 807 militibus
2315 737 2512 811 dono
2578 813 2583 818 ,

401 849 630 939 dedit,
662 850 790 946 qui
819 874 1067 920 secum
1100 850 1176 917 in
1208 845 1669 944 expeditione
1698 845 2021 945 fuerant3
2049 846 2303 918 iisdem
2329 850 2508 920 mili-

400 957 595 1030 tibus
636 959 954 1056 legiones
993 956 1210 1029 libras
1250 955 1454 1028 farris
1499 970 1572 1027 et
1614 957 1959 1027 sextarios
1995 956 2145 1025 vini
2182 956 2511 1027 contule-

398 1067 573 1140 runt
613 1096 629 1138 ε
669 1070 1054 1165 omniaque
1100 1092 1183 1139 ea
1233 1066 1510 1165 ingenti
1552 1066 1912 1137 alacritate
1954 1090 2084 1163 per
2125 1066 2510 1136 clamorem

398 1178 782 1269 militarem
801 1231 820 1265 ,
878 1176 1190 1248 indicem
1245 1177 1572 1247 omnium
1624 1199 1988 1263 assensum,
2052 1172 2505 1271 gerebantur.

394 1290 632 1360 Tertia
663 1313 907 1388 pugna
934 1286 1025 1359 ad
1053 1287 1459 1359 Suessulam
1487 1286 1862 1357 commissa
1890 1300 2025 1372 est;
2055 1310 2199 1381 qua
2224 1282 2512 1381 fugatus

395 1425 437 1471 a
475 1403 573 1469 M.
631 1398 919 1470 Valerio
968 1399 1392 1469 Samnitium
1426 1396 1816 1483 exercitus,
1861 1396 2061 1465 omni
2094 1392 2364 1465 robore
2390 1396 2509 1491 ju-

392 1511 708 1580 ventutis
736 1509 955 1581 domo
993 1510 1216 1579 accito
1236 1563 1255 1596 ‚
1290 1507 1678 1578 certamine
1715 1506 1972 1577 ultimo
2001 1504 2365 1576 fortunam
2396 1529 2510 1577 ex-

394 1620 610 1717 periri
633 1620 898 1690 statuit.
928 1617 1039 1689 Ab
1064 1616 1397 1688 Suessula
1415 1617 1654 1704 nuntii
1676 1614 1938 1713 trepidi
1958 1619 2278 1712 Capuam
2294 1669 2313 1702 ‚
2333 1614 2506 1687 inde

394 1729 670 1824 equites
714 1729 907 1799 citati
954 1725 1045 1797 ad
1077 1726 1438 1797 Valerium
1481 1725 1853 1796 consulem
1873 1779 1892 1812 ‚
1927 1748 2145 1822 opem
2164 1739 2461 1795 'oratum
2484 1777 2505 1812 ‚

391 1837 715 1906 veniunt.
773 1834 1171 1907 Confestim
1237 1836 1439 1932 signa
1503 1850 1746 1922 mota3
1797 1834 2206 1931 relictisque
2270 1835 2501 1931 impe-

392 1944 730 2017 dimentis
783 1961 1180 2018 castrorum
1231 1945 1470 2016 valido
1526 1944 1857 2042 praesidio
1877 1999 1897 2033 ‚
1937 1946 2200 2041 raptim
2256 1945 2511 2040 agitur

392 2080 648 2153 agmen
689 2083 706 2125 :
747 2081 883 2127 nec
913 2056 1169 2154 procul
1206 2055 1295 2127 ab
1332 2056 1543 2128 hoste
1579 2056 1820 2127 locum
1854 2056 2325 2152 perexiguum
2374 2054 2503 2150 (ut

389 2164 688 2261 quibus,
728 2180 989 2263 praeter
1031 2191 1292 2262 equos,
1315 2180 1738 2237 caeterorum
1761 2164 2263 2258 jumentorum
2305 2165 2501 2234 calo-

388 2299 711 2374 numque
737 2274 950 2347 turba
977 2274 1298 2369 abesset)
1329 2278 1574 2348 castris
1603 2276 1814 2372 cepit.
1850 2274 2274 2345 Samnitium
2299 2299 2501 2346 exer-

387 2386 603 2473 citus,
629 2386 825 2457 velut
847 2385 1044 2458 haud
1072 2388 1216 2458 ulla
1240 2411 1442 2458 mora
1466 2410 1733 2485 pugnae
1762 2384 2004 2456 futura
2029 2398 2212 2458 esset
2230 2439 2250 2473 ,
2277 2385 2501 2456 aciem

387 2494 713 2564 instruit:
742 2494 1003 2568 deinde
1021 2551 1040 2585 ,
1063 2513 1449 2593 postquam
1477 2522 1694 2569 nemo
1726 2494 1983 2567 obvius
2014 2495 2161 2570 ibat
2181 2550 2200 2584 ,
2225 2493 2503 2566 infestis

388 2603 606 2699 signis
645 2602 735 2673 ad
777 2618 1000 2675 castra
1033 2603 1354 2676 hostium
1399 2606 1758 2694 succedit3
1814 2604 1918 2676 ibi
1959 2620 2040 2677 ut
2080 2605 2380 2676 militem
2424 2607 2501 2676 in

304 2801 308 2807 .
386 2712 574 2783 vallo
591 2712 799 2800 vidit,
829 2715 1169 2810 missique
1199 2714 1290 2784 ab
1313 2717 1515 2784 omni
1536 2730 1741 2811 parte
1766 2715 2248 2813 exploratum,
2279 2740 2500 2812 quam

387 2824 465 2892 in
509 2824 845 2921 exiguum
884 2820 1183 2895 orbem³
1223 2837 1586 2894 contracta
1622 2837 1849 2894 castra
1879 2839 2152 2913 essent,
2179 2826 2500 2921 paucita-

388 2945 533 3002 tem
581 2932 751 3004 inde
805 2932 1121 3005 hostium
1171 2933 1590 3031 colligentes
1609 2989 1629 3023 ‚
1683 2934 2135 3021 retulerunt3
2192 2932 2498 3004 fremere
2585 2975 2589 2979 .

388 3044 621 3112 omnis
655 3046 869 3134 acies,
913 3043 1375 3143 complendas
1419 3068 1572 3115 esse
1610 3042 1832 3115 fossas
1875 3040 2499 3140 scindendumque

388 3149 689 3242 vallum,
719 3167 792 3224 et
820 3155 898 3222 in
933 3169 1158 3232 castra
1187 3153 1739 3251 irrumpendum
1762 3179 1783 3242 ;
1808 3167 2391 3250 transactumque
2417 3176 2500 3224 ea

392 3345 592 3411 13-17)‚
613 3347 754 3410 eique
775 3349 909 3396 dono
934 3350 1153 3410 dabatur,
1180 3352 1265 3415 qui
1287 3352 1396 3399 uni-
1483 3369 1513 3401 a
1528 3352 1764 3401 militibus
1785 3351 2082 3416 imperatori.
2103 3352 2500 3401 lim—Militibus

384 3440 576 3472 versum
607 3426 873 3475 exercitum
888 3463 903 3488 ,
933 3429 1012 3476 vel
1041 3446 1262 3494 magnam
1294 3432 1397 3491 ejus
1485 3431 1693 3497 legiones
1711 3431 1859 3479 libras
1861 3430 2036 3496 farris,
2058 3431 2501 3495 etc.,seil.si.ngulis

383 3514 570 3567 partem
582 3505 829 3553 obsidione
838 3506 1104 3568 liberasset3
1112 3508 1242 3556 unde
1254 3508 1400 3556 etiam
1485 3511 1716 3575 singulas.
1741 3510 1885 3558 Conf.
1905 3512 2125 3558 Gronov.
2145 3509 2208 3558 ad
2224 3512 2316 3569 lv,
2343 3511 2423 3569 15,
2449 3522 2499 3559 et

382 3582 542 3630 altera
557 3599 741 3631 corona
760 3584 1078 3633 obsidionalis
1098 3603 1132 3633 a
1136 3587 1394 3650 pra-sidio,
1487 3589 1653 3651 Cujac.
1666 3589 1810 3637 Obss.
1825 3590 1918 3647 IX,
1934 3590 1961 3637 3
1970 3605 1994 3650 7
2003 3625 2016 3637 .
2029 3615 2100 3626 —-
2111 3588 2358 3636 Sea-turios
2373 3588 2496 3636 vini.

382 3662 519 3724 quod
538 3673 588 3711 et
611 3664 718 3727 ipse
743 3674 1017 3712 servaverat
1028 3698 1042 3724 ,
1065 3664 1289 3728 imposita
1313 3675 1398 3712 est·
1485 3667 1738 3715 Sextarius
1755 3678 1829 3715 est
1845 3678 1979 3714 sexta
1992 3684 2104 3733 pars
2121 3668 2310 3731 congii,
2329 3667 2498 3731 proin-

383 3739 530 3788 Conf.
546 3741 656 3790 loca
676 3741 813 3789 class.
833 3742 1045 3806 Dionys.
1065 3744 1141 3802 X,
1162 3743 1245 3804 373
1270 3743 1394 3791 Gell.
1484 3745 1642 3808 deque
1688 3745 1912 3809 capiebat
1945 3746 2058 3810 plus
2105 3746 2350 3808 sexdecim
2391 3746 2498 3793 vini

380 3818 447 3878 V,
477 3820 539 3879 63
562 3819 685 3867 Plin.
716 3821 896 3878 xxn,
922 3828 954 3876 4
975 3854 990 3877 ,
1024 3821 1054 3867 5
1095 3819 1217 3885 (qui
1250 3821 1397 3870 etiam
1481 3823 1797 3872 uncias.Vide
1814 3825 2007 3873 Crever.
2029 3823 2261 3888 disputat.
2284 3824 2347 3872 de
2370 3840 2492 3888 pon·
2536 3811 2539 3814 Ἰ

381 3909 569 3945 eentum
587 3898 722 3947 boves
740 3898 897 3946 Marci
914 3899 1187 3948 immolatos
1195 3900 1351 3962 ⁸fuisse
1367 3917 1394 3947 a
1484 3901 1681 3950 cleribus
1706 3913 1755 3950 et
1772 3917 1981 3949 mensur.
1998 3902 2278 3966 praefationi
2295 3902 2495 3964 subjun-

380 3977 535 4026 Decio
562 3975 725 4042 dicit).
740 4002 810 4013 —-
823 3973 1067 4026 observat
1089 3978 1276 4027 Plinius
1296 3979 1393 4028 loc.
1484 3991 1625 4028 ctam.
1651 3982 1741 4029 Eu.

380 4056 465 4104 eit.
485 4069 678 4107 caeteras
695 4073 903 4106 coronas
920 4059 982 4107 ab
1000 4059 1290 4125 imperatore
1309 4060 1397 4107 mi·
1557 4061 1605 4108 3.
1631 4061 1789 4123 Quam
1807 4060 1857 4108 in
1875 4060 2103 4126 exiguum
2120 4061 2304 4109 orbem.
2320 4096 2331 4108 .
2344 4093 2357 4109 .
2369 4072 2495 4110 retu·

378 4133 546 4185 litibus
555 4137 662 4187 dari
674 4137 859 4198 solitas,
868 4125 1232 4189 obsidionalem
1244 4140 1396 4188 solam
1484 4139 1643 4187 lerum
1652 4140 1816 4204 junge.
1856 4179 1865 4190 ,
