3000 4717
454 366 580 469 4332:
609 369 704 482 {331
752 387 943 456 LIB.
996 387 1131 455 vl.
1190 385 1401 455 CAP.
1455 387 1842 455 xxvm.
1895 388 2170 455 xxix.
2377 408 2511 481 297

405 507 786 609 repetenda
785 511 1041 606 patria
1053 560 1074 592 ,
1103 524 1184 577 ut
1184 522 1480 605 postero
1493 508 1614 579 die
1630 507 1736 577 ad
1748 506 2015 580 Gabios
2021 533 2047 593 ,·
2066 525 2264 591 tune,
2289 532 2517 605 quum

405 623 762 712 ffecen’nt
772 674 794 707 ,
827 644 918 690 ne
937 613 1095 716 quis
1115 618 1362 706 hostis,
1394 627 1526 717 qui
1549 625 1817 691 moem’a
1836 641 2142 687 romana
2160 623 2515 704 intrasset,

404 737 738 803 nuntium
791 728 1131 801 secundat
1172 731 1631 827 adversoeque
1642 730 1980 818 fortunae
2031 726 2325 799 domum
2348 753 2518 827 per-
2582 789 2585 794 .

380 843 633 932 fimet.

327 943 333 948 ⁴
499 957 749 1023 XXIX.
784 953 908 1023 His
933 953 1301 1048 utrimque
1333 953 1621 1039 animiS‚
1657 951 1747 1021 ad
1775 950 2028 1021 Alliam
2056 962 2359 1019 ventum
2388 962 2515 1019 est.

402 1065 724 1136 Dictator
746 1087 1087 1138 romanus
1103 1118 1121 1151 ‚
1140 1077 1528 1161 postquam
1549 1064 1624 1132 in
1645 1074 2040 1159 conspectu
2056 1058 2299 1130 hostes
2318 1074 2522 1129 erant

403 1173 734 1244 instructi
745 1175 1186 1271 intentique3
1216 1174 1572 1246 «Videsne
1592 1188 1702 1260 tu,
1720 1174 1987 1269 inquit,
2008 1176 2088 1242 A.
2108 1170 2520 1266 Semproni,

403 1312 437 1349 «
477 1284 616 1354 loci
640 1283 932 1356 fortuna
949 1283 1108 1356 illos
1132 1283 1353 1355 fretos
1375 1283 1466 1375 ad
1481 1284 1735 1354 Alliam
1759 1277 2204 1352 constitisse?
2228 1303 2362 1349 nec
2387 1278 2523 1348 illis

405 1423 436 1456 α
478 1393 578 1463 dii
596 1395 1034 1465 immortales
1054 1396 1375 1465 certioris
1394 1394 1791 1491 quidquam
1811 1388 2092 1462 fiduciae
2110 1445 2129 1479 ‚
2149 1391 2285 1484 maj
2293 1390 2522 1459 orisve

402 1532 436 1566 «
474 1502 675 1598 quod
711 1503 800 1573 sit
840 1502 1121 1587 auxilii,
1167 1502 1521 1573 dederint.
1570 1507 1661 1573 At
1696 1517 1816 1591 tu,
1861 1499 2089 1572 fretus
2127 1501 2341 1572 armis
2378 1501 2523 1570 ani·

406 1641 438 1675 «
476 1613 757 1708 misque
776 1666 795 1699 ,
826 1614 1198 1682 concitatis
1226 1612 1431 1708 equis
1461 1612 1716 1683 invade
1744 1613 2047 1683 mediam
2081 1613 2305 1681 aciem
2336 1637 2351 1678 ε
2388 1634 2523 1705 ego

404 1748 437 1782 «
480 1743 647 1789 cum
687 1720 1088 1817 legionibus
1113 1723 1191 1792 in
1231 1720 1558 1793 turbatos
1595 1724 2180 1820 trepidantesque
2220 1709 2523 1791 inferam

404 1860 437 1894 «
483 1831 702 1927 signa.
721 1831 1013 1919 Adeste,
1042 1832 1141 1901 dii
1163 1845 1378 1904 testes
1400 1831 1725 1921 foederiS,
1757 1848 1828 1903 et
1848 1836 2161 1932 expetite
2182 1843 2203 1874 ¹
2236 1854 2525 1929 poenas,

404 1968 438 2002 «
482 1939 763 2012 debitas
798 1941 1012 2012 simul
1044 1941 1249 2014 vobis
1284 1942 1600 2031 violatiS,
1644 1943 2006 2040 nobisque
2039 1968 2170 2042 per
2204 1956 2526 2012 vestrum

402 2080 437 2115 «
477 2076 751 2122 numen
786 2052 1183 2149 deceptis.»
1213 2057 1380 2125 Non
1405 2056 1724 2150 equitem
1745 2108 1765 2141 ,
1796 2071 1947 2124 non
1974 2053 2293 2151 peditem
2326 2051 2527 2120 susti-

403 2185 628 2231 nuere
658 2163 1074 2232 Praenestini
1108 2189 1122 2231 :
1163 2164 1399 2260 primo
1431 2164 1708 2262 impetu
1745 2188 1827 2234 ac
1858 2164 2171 2233 clamore
2207 2160 2530 2258 dissipati

404 2271 692 2342 ordines
732 2286 923 2342 sunt.
977 2275 1203 2360 Dein,
1251 2288 1636 2370 postquam
1681 2274 1884 2344 nullo
1937 2274 2102 2345 loco
2155 2269 2530 2344 constabat

406 2381 589 2451 acies
608 2433 627 2467 ,
654 2394 852 2476 terga
884 2396 1211 2470 vertunt3
1240 2386 1863 2481 consternatique,
1892 2398 1964 2455 et
2002 2396 2262 2481 praeter
2300 2394 2530 2452 castra

408 2490 622 2556 etiam
641 2511 766 2558 sua
784 2511 1052 2585 pavore
1071 2492 1346 2589 praelati
1361 2504 1418 2581 ²,
1442 2518 1597 2564 non
1623 2496 1821 2592 prius
1843 2519 1919 2565 se
1944 2493 2038 2565 ab
2059 2492 2290 2564 effuso
2313 2515 2530 2561 cursu

407 2599 703 2682 sistunt,
741 2621 959 2693 quam
990 2601 1064 2668 in
1100 2617 1492 2698 conspectu
1522 2609 1875 2675 Praeneste
1910 2603 2067 2674 fuit.
2099 2602 2212 2675 Ibi
2247 2628 2335 2677 ex
2361 2601 2529 2697 fuga

404 2708 757 2807 dissipati,
803 2706 1078 2794 locum,
1139 2735 1357 2805 quem
1409 2714 1883 2783 tumultuario
1933 2739 2154 2811 opere
2205 2736 2525 2784 commu·

405 2821 687 2909 nirent,
736 2820 1064 2916 capiunt3
1115 2844 1246 2908 ne,
1293 2821 1349 2889 si
1388 2822 1573 2890 intra
1620 2824 1885 2892 moenia
1932 2847 2005 2892 se
2050 2824 2526 2920 recepissent,

407 2930 778 3029 extemplo
844 2944 1175 3000 ureretur
1235 2955 1403 3027 ager
1433 2986 1452 3020 ‚
1523 2931 2125 3029 depopulatisque
2189 2930 2531 3002 omnibus

408 3038 688 3111 obsidio
734 3040 901 3111 urbi
954 3039 1366 3111 inferretur.
1433 3042 1574 3111 Sed
1626 3057 2044 3140 postquam,
2087 3041 2385 3137 direptis
2441 3041 2533 3111 ad

409 3147 662 3219 Alliam
690 3150 934 3221 castris
951 3205 969 3236 ‚
994 3152 1224 3222 victor
1248 3156 1615 3223 Romanus
1643 3152 1924 3238 aderat,
1956 3150 2030 3222 id
2058 3176 2352 3248 quoque
2381 3177 2534 3222 mu-

410 3261 812 3330 nimentum
846 3261 1213 3333 relictum:
1255 3277 1363 3351 et,
1400 3265 1519 3333 vix
1560 3265 1830 3335 moenia
1863 3278 2020 3336 tuta
2045 3267 2217 3349 rati,
2249 3264 2532 3362 oppido

405 3436 646 3502 nefastum
679 3437 729 3484 in
757 3440 952 3484 Bessum
977 3439 1324 3504 interfectorem
1349 3457 1423 3487 re·
1511 3445 1663 3492 modo
1689 3444 1790 3492 dies
1816 3443 2030 3509 nefastus
2053 3459 2148 3508 pro
2174 3443 2403 3507 religioso
2417 3477 2433 3501 ,
2458 3443 2536 3489 in·

401 3517 477 3581 gis
489 3517 568 3563 sui
577 3515 867 3573 videbatur,-
886 3518 1004 3565 Stat.
1015 3518 1171 3565 Theb.
1194 3520 1283 3577 IV,
1308 3520 1425 3579 517,
1512 3516 1670 3563 fausto
1696 3517 1900 3579 ponitur
1925 3514 2058 3580 apud
2085 3519 2286 3564 Sueton.
2301 3513 2411 3561 Tib.
2441 3513 2536 3572 533

405 3596 475 3642 Et
488 3594 686 3658 triplicis
704 3595 875 3641 mundi
886 3612 1122 3643 summum
1141 3614 1281 3660 quem
1305 3599 1427 3645 seire
1512 3600 1635 3644 Hor.
1657 3596 1753 3643 Od.
1775 3598 1875 3653 111,
1906 3596 1964 3643 13
1979 3630 1994 3653 ,
2027 3611 2071 3654 1,
2096 3595 2189 3642 Ille
2210 3605 2260 3640 et
2275 3591 2465 3657 nefasto
2486 3603 2532 3639 te

406 3672 646 3737 nefastum
674 3685 777 3730 est,·
806 3684 854 3721 et
883 3674 1008 3721 Plin.
1042 3674 1125 3722 lib.
1152 3679 1292 3734 xlv,
1317 3693 1425 3740 cap.
1505 3674 1674 3737 posuit
1697 3674 1810 3730 die;
1850 3685 1900 3721 et
1924 3673 2079 3732 alios,
2115 3673 2206 3721 etsi
2229 3671 2285 3719 id
2309 3686 2465 3735 prave
2488 3681 2537 3717 ee

411 3766 499 3814 19,
540 3752 793 3815 prolibare
828 3752 921 3799 diis
951 3753 1190 3818 nefastum
1224 3754 1431 3802 habetur
1506 3768 1768 3816 perperam
1798 3751 1905 3799 fieri
1936 3751 2282 3799 existimaverit
2309 3749 2436 3797 Gen.
2472 3757 2535 3809 4,

402 3831 554 3890 vina,
569 3842 755 3894 proeeer
774 3831 1025 3894 imputata
1047 3832 1188 3890 vicis,
1215 3832 1430 3896 fiamine
1520 3846 1570 3892 9.
1592 3852 1617 3871 ›-
1640 3831 1783 3877 Conf.
1810 3831 1872 3878 ad
1898 3833 1975 3888 11,
2004 3833 2090 3889 61,
2114 3846 2164 3877 n.
2193 3831 2240 3877 3.

406 3922 567 3958 tac-tce.
614 3913 674 3957 In
720 3911 753 3958 6
789 3911 913 3958 MSS
949 3924 1051 3956 non
1091 3910 1215 3958 male
1253 3910 1432 3974 legitur
1592 3911 1713 3958 Cn».
1752 3912 1948 3957 xxlx.
1992 3925 2037 3958 1.
2080 3908 2305 3974 Expetite
2329 3923 2537 3972 pamas,

404 4003 536 4037 terra
573 3988 638 4035 sit
677 3987 869 4053 nefasta
907 3988 1121 4036 victoria
1156 4006 1278 4047 sua,
1327 3990 1426 4039 hoc
1517 3989 1630 4037 vide
1665 3989 1728 4036 ad
1764 3991 1815 4048 1,
1845 4005 1937 4046 υ,
1969 4005 2019 4036 n.
2045 3990 2094 4036 8.
2120 4015 2191 4025 --
2233 3988 2381 4036 Nullo
2426 3989 2535 4036 loco

404 4078 508 4125 est,
542 4067 739 4126 infelix,
779 4068 997 4115 ominosa
1030 4081 1236 4133 propter
1268 4070 1426 4117 victo-
1504 4068 1773 4116 wambae
1797 4069 1952 4125 acies,
1982 4069 2095 4116 vide
2120 4067 2183 4115 ad
2204 4069 2258 4128 1,
2283 4068 2380 4126 30,
2408 4084 2459 4114 n.
2486 4067 2534 4113 8.

405 4144 526 4193 riam
565 4145 627 4194 de
663 4162 740 4205 se,
767 4147 1003 4195 Romanis
1021 4181 1036 4206 ‚
1073 4160 1291 4211 partam3
1328 4164 1427 4212 quo
1585 4164 1635 4196 2.
1673 4150 1862 4196 Proeeer
1897 4159 2062 4196 castra
2087 4163 2273 4211 pavore
2308 4144 2529 4210 pra-lati,
