3000 4717
2195 370 2247 409 A.
2272 366 2323 406 C.
2351 367 2578 419 sss-334.

518 384 657 471 [464
1345 387 1421 452 T:
1487 386 1765 454 LIVII
2188 425 2241 466 u,
2267 427 2318 469 c.
2346 432 2572 483 ιιι-ω.

517 520 931 605 suggestum
950 516 1037 591 ¹¹,
1085 507 1162 574 in
1216 503 1376 576 foro
1415 521 1862 579 exstructum
1881 561 1900 595 ‚
1940 506 2274 579 adornari
2317 511 2618 607 placuit:

463 703 468 710 ·
514 622 915 712 Rostraque
944 615 1019 685 id
1052 615 1396 713 templum
1430 618 1963 714 appellatumffl.

609 730 762 797 XV.
806 731 884 798 G.
932 725 1244 822 Sulpicio
1280 731 1571 821 Long0,
1617 732 1690 797 Ρ.
1733 727 1911 797 AElio
1943 731 2133 797 Paeto
2166 729 2619 820 consulibus,

501 853 740 933 'quum
768 836 1011 906 omnia
1050 860 1204 906 non
1239 846 1453 931 opes¹
1498 837 1721 933 magis
1754 860 2100 920 romanae,
2136 860 2349 932 quam
2392 836 2622 911 bene-

509 945 686 1032 ficiis
717 960 919 1043 parta
947 948 1165 1043 gratia
1193 944 1391 1042 bona
1423 969 1596 1042 pace
1627 944 1989 1016 obtineret
2007 1000 2025 1034 ,
2055 947 2245 1018 inter
2270 946 2621 1021 Sidicinos

508 1061 1031 1152 Auruncosque
1077 1052 1349 1126 bellum
1400 1069 1665 1125 ortum.
1702 1057 2091 1144 Aurunci2‚
2143 1082 2183 1126 a
2226 1062 2306 1126 T.
2344 1059 2620 1136 Manlio

508 1169 801 1239 consule
819 1168 895 1238 in
917 1166 1359 1238 deditionem
1377 1169 1685 1263 accepti,
1719 1165 1902 1235 nihil
1920 1165 2186 1236 deinde
2206 1184 2614 1239 moverant:

510 1302 598 1348 eo
645 1274 937 1373 petendi
974 1274 1216 1345 auxilii
1253 1272 1344 1345 ab
1387 1277 1730 1346 Romanis
1767 1275 1974 1347 causa
2010 1276 2271 1370 justior
2296 1275 2453 1347 fuit.
2480 1281 2622 1351 Sed

509 1388 709 1482 prius
726 1440 745 1472 ,
773 1409 992 1481 quam
1020 1385 1355 1454 consules
1391 1382 1482 1453 ab
1508 1382 1708 1453 Urbe
1739 1383 2083 1477 (jusserat
2118 1386 2309 1454 enim
2332 1400 2622 1457 senatus

509 1494 796 1568 defendi
836 1492 1257 1587 Auruncos)
1288 1494 1684 1563 exercitum
1722 1492 2111 1564 educerent
2132 1549 2150 1581 ,
2188 1492 2374 1564 fama
2405 1494 2621 1567 affer-

503 1622 658 1692 tur,
680 1610 1058 1676 Auruncos
1075 1618 1275 1674 metu
1298 1602 1650 1700 oppidum
1676 1602 2102 1689 deseruisse,
2126 1603 2617 1702 profugosque

505 1741 669 1788 cum
707 1712 1136 1811 conjugibus
1163 1739 1243 1785 ac
1270 1712 1513 1784 liberis
1546 1717 1876 1783 Suessam
1912 1715 2429 1805 communisse,
2459 1718 2618 1813 qu‘ae

1606 1919 1739 1955 retur
1762 1918 1810 1954 et
1818 1913 2042 1980 {regerem
2078 1919 2135 1955 ut
2146 1909 2334 1972 populo
2360 1909 2488 1956 bona
2509 1926 2619 1972 eunt

1598 2004 1728 2051 paee
1765 1987 1830 2034 im
1889 1987 2041 2034 ritate
2077 1989 2102 2034 1
2117 2021 2132 2045 ,
2181 1995 2249 2042 24
2279 1988 2534 2046 obtineret,
2562 2001 2618 2037 ut

1608 2066 1806 2113 debetur
1908 2099 1923 2123 ,
1950 2082 1970 2111 1
1985 2081 2005 2111 1
2034 2083 2111 2130 pr.
2137 2082 2250 2113 nam
2272 2066 2396 2115 solet
2422 2069 2520 2114 fere
2545 2068 2621 2117 Li-

504 1912 670 1960 liberae
691 1911 841 1959 Urbis
863 1910 1167 1974 temporibus
1180 1943 1194 1968 ,
1221 1908 1429 1956 subinde
1454 1909 1518 1956 ab

502 1991 566 2040 fis
594 1990 776 2038 datum.
801 2011 827 2031 υ

579 2086 659 2119 10.
689 2069 976 2133 Campanis,
1013 2068 1279 2133 Capuanis,
1305 2066 1517 2129 equitum

504 2149 700 2197 honoris
724 2165 876 2196 causa
905 2147 995 2213 (ut
1019 2147 1212 2195 honoris
1239 2145 1339 2210 ejus
1364 2161 1515 2192 eausa

501 2230 580 2289 X,
606 2230 729 2293 24),
844 2213 990 2283 data,
1021 2226 1135 2274 vide
1152 2226 1214 2273 ad
1235 2241 1341 2288 cap.
1367 2239 1445 2283 11,
1463 2240 1514 2270 ιι.

506 2323 528 2353 1
543 2322 586 2354 1.
624 2307 702 2354 Al.
727 2307 814 2370 qui
838 2322 930 2370 prro
960 2304 1108 2368 quia;
1133 2303 1268 2366 quod
1300 2302 1514 2349 arridere

499 2396 664 2449 potest
698 2385 809 2431 coll.
838 2400 943 2446 cap.
980 2398 1035 2428 11
1063 2392 1186 2429 extr.
1224 2381 1320 2428 Sed
1348 2379 1515 2427 malim

498 2473 610 2510 ante
637 2462 756 2525 quia
782 2462 991 2508 inserere
1018 2470 1066 2505 ec
1080 2475 1190 2505 cum
1210 2458 1409 2505 Dukero
1434 2458 1515 2504 vel

499 2556 583 2596 ac,
613 2549 670 2585 ut
688 2538 871 2602 duplex
886 2538 1112 2584 afferatur
1134 2536 1283 2593 ratio,
1320 2552 1513 2583 sensus-

497 2633 592 2682 que
615 2618 677 2664 sit
699 2631 712 2664 τ
742 2627 791 2662 et
810 2616 928 2679 quia
950 2610 1087 2662 nunc
1104 2631 1213 2661 cum
1239 2615 1422 2662 Latinis
1444 2615 1511 2664 ob

494 2698 614 2744 iram
641 2695 800 2743 amissi
837 2695 938 2758 agri
979 2695 1210 2741 rebellare
1234 2694 1509 2743 noluissent.

495 2776 570 2823 De
590 2776 680 2823 hac
694 2775 973 2822 Latinorum
989 2772 1253 2820 rebellione
1272 2772 1385 2819 vide
1403 2789 1509 2836 cap.

498 2871 579 2902 12.
599 2883 669 2891 —-
687 2853 958 2901 Formianis
977 2851 1120 2917 (vide
1136 2851 1199 2898 ad
1216 2853 1395 2910 XXII,
1423 2852 1508 2911 16,

494 2950 544 2982 ιι.
574 2933 624 2998 4)
646 2933 812 2981 civitas
834 2932 936 2980 sine
955 2929 1192 2996 suffragio
1218 2930 1364 2986 data,
1396 2931 1508 2978 vide

495 3013 558 3059 ad
586 3013 804 3071 Ix,43,
838 3028 891 3059 n.
922 3025 999 3056 11.
1385 3053 1390 3057 .

571 3107 591 3138 ι
606 3106 649 3137 ι.
696 3090 970 3152 Rostrisque
1003 3102 1171 3133 earum
1204 3099 1472 3150 suggestum
1485 3122 1501 3144 ,

494 3182 616 3226 etc.;
658 3169 826 3215 confer
852 3167 915 3214 ad
941 3183 1048 3230 cap.
1077 3166 1136 3212 13
1153 3199 1168 3224 ,
1195 3182 1245 3211 n.
1277 3172 1327 3219 4.

570 3263 647 3294 12.
673 3249 941 3334 Rostrague
967 3245 1022 3291 id
1045 3244 1270 3306 templum
1287 3245 1505 3307 appella-

488 3337 588 3373 tum
601 3361 617 3383 ,
639 3337 693 3372 ut
716 3325 856 3388 apud
871 3325 972 3372 Cic.
993 3325 1045 3371 in
1057 3323 1221 3372 Vatin.
1241 3338 1328 3380 10,
1347 3323 1399 3369 in
1419 3325 1507 3370 Ro-

489 3405 623 3461 stris,
649 3405 696 3450 in
717 3404 798 3450 illo
810 3440 825 3460 ,
845 3404 1068 3466 inquam,
1088 3402 1380 3465 inaugurato
1395 3413 1506 3448 tem-

480 3485 570 3547 plo
585 3500 645 3530 ac
660 3484 764 3530 loeo
774 3501 794 3539 ;
812 3482 922 3529 vide
941 3481 1003 3528 ad
1015 3484 1038 3527 I
1052 3515 1065 3538 ‚
1084 3482 1115 3526 6
1129 3514 1142 3536 ‚
1163 3497 1213 3527 n.
1234 3481 1287 3538 53
1310 3492 1357 3527 et
1370 3482 1500 3528 conf.

487 3563 698 3627 Dionys.
711 3562 812 3617 IX,
839 3561 922 3618 56,
943 3561 1023 3621 qui
1041 3558 1290 3606 Antiatum
1303 3559 1504 3606 classem

482 3643 583 3702 jam
604 3651 740 3697 ante,
762 3653 891 3685 anno
909 3637 1058 3684 Urbis
1079 3637 1224 3683 cond.
1250 3652 1355 3699 cap.
1382 3639 1501 3698 287,

486 3731 676 3784 captam
687 3753 700 3776 ‚
714 3728 1094 3782 apparatumque
1106 3716 1325 3762 navalem
1338 3716 1501 3762 incen-

488 3815 593 3844 sum
622 3797 783 3845 tradit.

1605 2145 1712 2191 vius
1759 2133 1960 2192 verbum
2004 2145 2368 2194 accommodare
2411 2163 2615 2194 numero

1604 2234 1687 2271 aut
1712 2239 1933 2287 personae
1955 2224 2268 2283 substantivi,
2293 2225 2425 2286 quod
2443 2228 2618 2287 proxi-

1603 2314 2014 2366 mepraeeesserat3
2029 2302 2208 2351 Stroth.
2221 2303 2299 2349 Sic
2313 2313 2360 2349 et
2371 2302 2616 2361 adjectis-2

1601 2380 1715 2427 vide
1752 2397 1858 2444 cap.
1879 2383 2004 2429 VIII
2019 2416 2034 2440 ,
2077 2385 2139 2428 28
2176 2392 2298 2427 extr.
2343 2380 2616 2430 obnoxium

1602 2469 1722 2505 esset
1744 2475 1838 2523 pro
1858 2461 2078 2508 obnoxia
2101 2470 2262 2506 essent.
2301 2460 2415 2506 Non
2443 2460 2615 2522 opibus

1601 2537 1755 2601 magis
1796 2539 2007 2585 Romani
2024 2573 2037 2587 .
2054 2575 2067 2587 .
2087 2574 2098 2585 .
2117 2539 2383 2586 obtinerent
2416 2538 2613 2601 quidam

1599 2616 1740 2663 MSS.
1767 2631 1839 2682 ἦ
1854 2617 2059 2664 Sidicini
2075 2619 2126 2664 iu
2149 2619 2409 2680 Campania
2430 2618 2615 2666 incole-

1600 2694 1718 2742 bant
1730 2698 1944 2743 Teanum
1955 2696 2226 2744 Sidicinum
2241 2696 2394 2759 (quod
2405 2712 2433 2742 a
2447 2698 2612 2744 Teano

1598 2774 1763 2838 Apulo
1779 2775 2022 2823 diversum
2037 2788 2110 2823 est
2121 2811 2135 2834 ,
2153 2785 2202 2822 et
2213 2775 2362 2822 hodie
2378 2775 2530 2821 Tiano
2545 2775 2614 2822 di-

1599 2852 1753 2918 citur)
1777 2854 1999 2900 Aurunci
2018 2853 2304 2901 habitabant
2326 2864 2374 2900 et
2393 2853 2518 2922 ultra
2540 2854 2614 2900 Li-

1595 2931 1689 2977 rim
1701 2932 2025 2995 inCampania
2039 2966 2054 2990 ‚
2072 2943 2120 2979 et
2136 2933 2208 2979 cis
2222 2932 2369 2990 Lirim
2381 2932 2433 2977 in
2448 2932 2584 2979 Latio
2596 2967 2611 2989 ,

1595 3026 1686 3056 nec
1708 3025 1810 3056 non
1833 3026 1996 3057 versus
2016 3011 2301 3058 Sicanorum
2318 3009 2465 3069 fines,
2481 3009 2612 3070 baud

1594 3088 1769 3150 procul
1787 3087 2004 3135 aTiberi.
2021 3090 2089 3136 Hi
2104 3089 2158 3135 in
2172 3088 2459 3153 Campania,
2475 3088 2611 3151 quod

1591 3181 1711 3212 mox
1740 3165 1971 3225 traditur,
2001 3166 2190 3231 oppido
2215 3181 2306 3213 suo
2336 3163 2487 3230 (forte
2506 3169 2612 3213 Au—

1592 3260 1770 3300 runca,
1799 3255 1855 3291 ut
1898 3247 2102 3292 Ausona
2141 3246 2312 3309 oppid.
2354 3235 2609 3306 Ausonum

1590 3324 1666 3370 IX
1677 3357 1692 3380 ‚
1712 3321 1799 3386 25)
1814 3334 1944 3374 metu
1960 3323 2153 3372 deserto
2165 3358 2180 3382 ,
2203 3326 2612 3386 communiverant

1590 3402 1835 3457 Suessam,
1861 3402 1989 3448 inter
2010 3405 2226 3449 Teanum
2256 3414 2303 3449 et
2330 3404 2608 3451 Minturnas

1590 3478 1690 3527 fere
1710 3480 1939 3538 mediam,
1962 3496 2070 3543 quae
2086 3483 2259 3528 Suessa
2279 3483 2516 3528 Aurunca
2535 3493 2609 3530 est

1591 3557 1746 3618 dicta,
1779 3570 1833 3607 ut
1861 3576 1890 3606 a
1922 3562 2094 3607 Suessa
2126 3560 2375 3616 Pometia,
2399 3561 2610 3609 Volsco-

1591 3653 1697 3684 rum
1729 3639 1918 3702 capite,
1953 3639 2359 3701 distingueretur,
2387 3651 2435 3687 et
2468 3641 2609 3700 brevi

1590 3727 1706 3778 post
1738 3717 1863 3764 facta
1895 3718 2087 3765 colonia
2112 3733 2168 3764 ac
2195 3718 2373 3765 deinde
2405 3719 2607 3778 munici-

1588 3794 1754 3857 pium3
1775 3794 1889 3841 vide
1914 3798 2017 3854 lx,
2045 3796 2136 3855 283
2157 3796 2287 3844 vell.
2309 3799 2360 3855 1,
2385 3804 2475 3856 143
2499 3798 2601 3845 Cic.

554 3877 673 3924 Car.
706 3877 821 3922 XV.
854 3889 897 3921 1.
945 3875 1101 3936 Quum
1130 3843 1296 3933 omnia
1324 3873 1497 3938 (omne
1584 3872 1713 3922 Phil.
1738 3876 1889 3931 XIII,
1919 3876 1965 3921 8.

478 3953 666 3998 Latium
691 3963 739 3999 et
765 3950 1109 4017 Campaniam)
1132 3968 1229 3999 non
1253 3968 1364 4015 opes
1390 3953 1496 4016 (vis

481 4038 530 4074 et
548 4029 798 4093 potentia)
824 4031 978 4095 magis
1000 4033 1260 4090 Romanae,
1285 4048 1493 4093 quam...

381 4151 386 4162 ¹
474 4104 642 4167 gratia
671 4105 796 4152 bona
821 4124 932 4156 cum
949 4125 1079 4171 pace
1105 4109 1361 4166 obtineret,
1392 4122 1499 4157 tue·
1534 4133 1542 4140 ·

1583 3995 1595 4004 ,
1631 3972 1635 3976 ’
1657 3967 1706 3999 2.
1731 3953 1977 4009 Aurunci,
2008 3970 2041 4000 a
2066 3954 2118 4000 Τ.
2141 3955 2600 4024 ΜαηὶἰοῚᾳιηιιᾳῑο

1584 4030 1778 4078 consule
1803 4031 1852 4078 in
1877 4032 2169 4097 deditionem
2190 4035 2406 4098 accepti,
2436 4035 2604 4085 confer

1585 4109 1800 4165 lib.v11‚
1824 4124 1930 4173 cap.
1955 4114 2018 4162 28
2045 4129 2118 4175 sq.
2139 4123 2188 4161 et
2210 4114 2294 4162 38.
