3000 4717
470 343 608 419 236
1319 350 1393 415 T.
1461 349 1737 418 LIVII

541 468 794 548 primum
829 467 1158 545 magistrum
1196 468 1455 545 equitum
1493 468 1567 526 de
1609 468 1778 547 plebe
1815 466 1984 538 dicit,
2025 478 2083 524 et
2112 484 2173 524 se
2204 468 2373 546 apud·
2391 474 2589 529 Patres

544 573 778 618 excusat
813 560 1142 638 propinqua
1183 563 1522 638 cognatione
1559 584 1573 618 ε
1613 561 1937 639 rogationes
1978 559 2050 617 de
2096 560 2291 617 fenere
2340 575 2400 619 et
2449 582 2587 640 agro

471 659 486 680 ”
536 652 815 730 jubentur
842 673 875 711 a
901 652 1098 731 plebe,
1130 652 1203 710 dc
1232 652 1462 730 plebeio
1500 655 1802 712 consulatu
1829 653 2190 729 antiquatur:
2225 654 2454 712 Sextius
2479 654 2586 711 Li—

543 744 840 822 ciniusque
875 744 985 802 sibi
1019 744 1300 802 honorem
1335 746 1661 803 continuari
1697 747 1930 820 nolunt²
1962 745 2072 803 nisi
2111 746 2463 821 conjunctim
2493 745 2586 803 fe-

543 851 747 895 rantur
773 836 847 895 ab
874 857 934 896 se
967 839 1341 916 promulgatae
1367 840 1541 916 leges·
1557 872 1631 883 —
1647 842 1978 910 XL-XL13
2002 837 2296 897 Adversus
2324 857 2424 895 eos
2452 856 2589 895 ora·-

541 932 760 988 tionem
789 929 966 987 habet
996 936 1110 1008 Ap.
1137 930 1411 992 Claudius
1444 936 1713 1003 Crassus,
1746 950 1929 1009 nepos
1959 930 2594 1003 decemviri.—XL11;

544 1028 688 1095 Quae
720 1021 896 1080 modo
926 1023 1082 1080 valet
1108 1023 1181 1081 ad
1211 1024 1627 1101 proferendum
1657 1038 1882 1101 tempus
1912 1023 2274 1101 rogationum
2301 1021 2591 1100 jubenda-

543 1136 688 1173 rum.
717 1116 939 1174 Refecti
966 1115 1251 1174 decimum
1278 1117 1452 1175 iidem
1477 1116 1728 1187 tribuni,
1756 1117 1984 1176 Sextius
2011 1129 2071 1174 et
2093 1116 2375 1184 Licinius,
2407 1116 2591 1191 legem

544 1212 845 1287 perferunt
877 1208 950 1267 de
978 1210 1316 1269 decemviris
1354 1230 1651 1270 sacrorum
1689 1229 1762 1268 ex
1792 1222 1958 1288 parte
1996 1208 2077 1267 de
2098 1208 2272 1286 plebe
2312 1205 2589 1266 creandis.

543 1306 720 1360 Fama
747 1302 887 1361 belli
914 1302 1102 1381 gallici
1130 1304 1300 1361 allata
1318 1346 1333 1374 ,
1370 1304 1644 1362 Camillus
1674 1303 1921 1362 dictator
1954 1300 2220 1379 quintum
2258 1299 2498 1371 dicitur,
2534 1312 2592 1356 et

541 1394 603 1451 in
632 1394 840 1453 albano
873 1415 1010 1473 agro
1040 1397 1220 1455 multa
1245 1397 1547 1455 caeduntur
1570 1398 1868 1457 Gallorum
1893 1395 2104 1453 millia:
2130 1393 2372 1452 comitiis
2393 1410 2595 1451 eonsu-

546 1487 765 1546 laribus
794 1493 858 1546 L.
892 1490 1117 1548 Sextius
1151 1489 1223 1549 de
1252 1489 1424 1568 plebe
1456 1492 1678 1569 primus
1704 1490 1904 1549 consul
1933 1501 2193 1546 creatur:
2222 1493 2452 1555 Patrem,
2485 1504 2592 1541 au·-

549 1592 708 1638 ctore
752 1581 995 1638 Camillo
1012 1624 1027 1652 ,
1062 1601 1131 1639 ea
1168 1584 1292 1659 lege
1334 1596 1599 1641 auctores
1642 1584 1817 1652 fiunt,
1853 1593 1918 1638 ut
1961 1578 2310 1637 concedatur
2351 1597 2384 1633 a
2424 1574 2594 1654 plebe

548 1671 837 1729 nobilitati
864 1673 937 1732 de
974 1687 1222 1750 praetore
1255 1696 1402 1745 uno,
1433 1677 1535 1751 qui
1563 1675 1659 1751 jus
1689 1676 1749 1731 in
1787 1673 1947 1733 Urbe
1989 1671 2173 1742 dicat,
2221 1690 2293 1738 ex
2332 1666 2595 1727 Patribus

515 1795 520 1802 ·
549 1765 819 1823 creand0.
859 1764 1180 1825 Ordinibus
1214 1767 1294 1824 ita
1337 1766 1410 1825 ab
1449 1767 1675 1825 diutina
1711 1766 1799 1823 ira
1835 1768 1897 1823 in
1927 1761 2297 1822 concordiam
2324 1759 2597 1830 redactis,

548 1871 778 1915 senatus
806 1857 1094 1930 decernit,
1122 1871 1187 1916 ut
1215 1859 1339 1916 ludi
1370 1858 1604 1916 maximi
1629 1859 1798 1929 fiant,
1828 1870 1887 1914 et
1917 1856 2038 1913 dies
2064 1874 2213 1912 unus
2241 1853 2313 1911 ad
2344 1851 2604 1910 triduum

551 1950 894 2027 adjiciatur:
925 1950 1325 2010 recusantibus
1358 1950 1419 2008 id
1455 1970 1665 2008 munus
1703 1948 1967 2007 aedilibus
2002 1946 2222 2026 plebis,
2256 1945 2532 2022 recipitur
2562 1962 2599 2000 a

551 2040 804 2116 patriciis
826 2040 1141 2118 juvenibus
1168 2061 1237 2099 ea
1266 2041 1630 2112 conditione,
1659 2053 1725 2098 ut
1754 2040 1950 2099 aediles
1975 2040 2131 2097 fiant.

475 2292 532 2358 I.
579 2235 813 2386 QUAE
868 2289 958 2360 ab
1005 2290 1293 2360 condita
1332 2277 1533 2362 urbe
1558 2295 1786 2361 Roma
1826 2291 1916 2360 ad
1954 2305 2234 2389 captam
2267 2283 2603 2357 eamdem

469 2397 768 2468 urbem¹
811 2401 1114 2468 Romani
1149 2399 1283 2470 sub
1317 2401 1609 2498 regibus
1636 2403 1985 2500 primum,
2021 2397 2437 2472 consulibus
2469 2396 2601 2466 de-

471 2506 642 2576 inde
676 2531 757 2578 ac
798 2508 1295 2600 dictatoribUS‚
1348 2511 1915 2609 decemvirisque
1952 2535 2035 2581 ac
2074 2509 2386 2580 tribunis
2425 2531 2598 2578 con-

473 2617 828 2688 sularibus
867 2642 1186 2716 gessere,
1222 2620 1392 2706 foris
1429 2619 1652 2710 bella,
1688 2621 1885 2691 domi
1924 2620 2349 2705 seditione5‚
2376 2615 2604 2713 quin·

474 2751 619 2822 que
642 2727 843 2800 libris
864 2732 1196 2827 exposui3
1226 2757 1338 2802 res
1361 2756 1591 2828 quum
1614 2745 1967 2803 vetustate
1987 2729 2208 2818 nimia
2227 2726 2600 2811 obscuras,

473 2839 673 2910 velut
699 2865 862 2936 quae
891 2865 1151 2938 magno
1176 2868 1263 2914 ex
1287 2842 1666 2913 intervallo
1691 2842 1834 2912 loci
1856 2842 1974 2911 vix
1997 2853 2420 2921 cernuntur,
2448 2850 2604 2905 tum

475 2950 678 3044 quod
706 2976 937 3047 parvae
965 2967 1037 3023 et
1066 2978 1243 3023 rarae
1271 2978 1404 3049 per
1433 2951 1684 3023 eadem
1716 2966 2046 3049 tempora
2076 2950 2338 3020 literae²
2369 2944 2600 3031 fuere,

469 3084 623 3129 -una
642 3062 968 3132 custodia
986 3061 1220 3133 fidelis
1236 3064 1601 3133 memoriae
1615 3085 1855 3131 rerum
1872 3074 2229 3157 gestarum
2245 3113 2264 3148 ‚
2287 3072 2358 3129 et
2372 3053 2604 3152 quod,

505 3280 512 3288 ‘
545 3272 664 3321 Cn.
692 3275 732 3320 1.
768 3289 812 3321 1.
845 3275 925 3322 Ab
949 3274 1149 3323 condita
1178 3271 1294 3321 urbe
1320 3272 1393 3320 ad
1416 3287 1496 3320 ur·—
1587 3274 1672 3321 des
1689 3307 1703 3332 ,
1730 3275 1953 3321 Muretus
1981 3274 2110 3321 delet
2135 3287 2244 3320 voc.
2274 3271 2466 3325 urbem,
2500 3280 2608 3330 quae

437 3359 438 3362 ’
477 3354 582 3400 bem
594 3387 612 3410 ,
645 3352 758 3400 vide
780 3352 844 3400 ad
861 3356 885 3400 I
901 3387 916 3412 ,
957 3356 984 3401 3
998 3387 1012 3412 ,
1039 3370 1089 3400 ιι.
1116 3354 1164 3400 8.
1182 3352 1342 3399 -Ad
1364 3351 1497 3399 hunc
1586 3352 1724 3400 nullo
1742 3352 1894 3399 modo
1910 3351 2179 3399 necessaria
2197 3362 2286 3398 est.
2305 3350 2399 3398 En.

476 3431 639 3479 locum
660 3431 878 3496 respexit
897 3431 1031 3479 haud
1050 3430 1196 3480 dubie
1213 3430 1498 3479 Plutarchus
1662 3447 1711 3478 a.
1737 3432 1912 3478 Parvae
1940 3442 1990 3477 et
2016 3446 2146 3477 rarae
2170 3445 2266 3492 per·
2291 3427 2464 3474 eadem
2488 3435 2608 3470 eem-

476 3510 528 3556 in
546 3511 634 3559 lib.
656 3510 717 3557 de
740 3513 954 3557 Fortuna
967 3512 1112 3558 Rom.
1134 3526 1308 3576 quum,
1326 3509 1379 3556 in
1397 3510 1499 3569 ejus
1579 3526 1712 3573 pora
1740 3509 1915 3566 licet-ce,
1946 3508 2172 3556 breviora
2194 3522 2250 3553 ac
2278 3505 2439 3552 minus
2465 3501 2611 3548 obvia

479 3601 721 3647 extremo,
756 3588 817 3636 de
846 3588 968 3635 urbe
991 3604 1020 3636 a
1050 3588 1202 3636 Gallis
1235 3599 1498 3652 occupata,
1592 3588 1822 3651 quaelibct
1845 3587 2095 3635 literarum
2127 3583 2205 3631 vel
2235 3583 2422 3648 ingenii
2451 3579 2609 3627 moni-

477 3668 564 3715 sed
580 3667 785 3716 mirifice
799 3678 985 3715 servata
999 3679 1048 3716 et
1059 3667 1261 3714 liberata
1273 3702 1287 3726 ‚
1306 3665 1500 3714 locutus
1591 3679 1754 3715 menta
1785 3667 2061 3730 conscripta
2081 3699 2094 3722 ‚
2120 3663 2372 3725 literisque
2402 3658 2575 3708 tradita
2596 3691 2617 3714 ,

479 3751 579 3798 ait:
613 3747 737 3799 ἀλλὰ
773 3748 822 3799 τί
855 3741 937 3799 δεῖ
964 3746 1076 3818 περὶ
1115 3750 1279 3797 ταῦτα
1307 3739 1503 3814 &arpi-
1591 3746 1743 3793 scilic.
1766 3745 2137 3810 inscriptiones,
2166 3739 2500 3789 commentarii
2522 3753 2610 3799 pu-

480 3821 580 3875 3822
609 3847 624 3888 ;
681 3826 832 3896 σαφὶς
885 3822 1023 3878 οὐδὲν
1079 3821 1191 3877 οὐδὲ
1239 3826 1498 3895 ὡρισμένον
1588 3825 1709 3872 blici
1729 3836 1777 3873 et
1794 3825 1988 3888 scriptae
2009 3837 2171 3869 rerum
2193 3832 2434 3884 gestarum
2452 3830 2612 3863 narra·

476 3903 575 3968 ‘'X-‘⁴
593 3940 610 3967 9
633 3911 705 3972 τῷ
746 3904 829 3956 καὶ
867 3905 935 3957 τὰ
968 3907 1250 3976 πράγματα
1286 3899 1497 3973 &avea-
1589 3904 1752 3951 tiones
1765 3937 1781 3962 ,
1799 3919 1884 3951 seu
1905 3901 2149 3960 historiae,
2169 3915 2277 3964 quae
2296 3895 2542 3945 memoriae
2560 3908 2617 3940 ac

480 3986 616 4051 ρῆνσιι
644 3988 740 4032 τῶν
774 3971 1014 4052 ῥωμαίων
1032 4021 1049 4048 ,
1088 3984 1174 4038 καὶ
1204 3987 1497 4053 συγχυθῆναι
1571 3981 1738 4042 fizmoe
1767 3991 2117 4046 opponuntur,
2150 3977 2476 4039 dicunturque
2500 3973 2552 4020 h.
2577 3972 2617 4020 1.

480 4059 589 4118 τὼς
617 4060 704 4110 ὑπ’
723 4063 880 4113 αὐτῶν
904 4063 1410 4132 ὑπομνηματισμοὺς,
1431 4064 1493 4121 ὥς
1585 4077 1674 4126 per
1699 4060 1911 4124 apposit.
1937 4074 2038 4108 una
2064 4056 2268 4132 (unica,
2286 4054 2424 4120 sola)
2451 4063 2612 4099 cuseo-

478 4134 646 4198 Aisstoc
668 4137 908 4206 ἱστόρηκα.
929 4141 1021 4189 En.
1037 4167 1107 4179 --
1121 4141 1173 4190 Si
1192 4140 1423 4190 Creverio
1444 4139 1497 4188 fi·
1585 4139 1672 4189 dia
1677 4137 1874 4205 fidelis,
1899 4147 1993 4185 etc.
2023 4135 2206 4187 Confer
2221 4135 2319 4180 VII
2335 4168 2350 4194 ‚
2380 4134 2406 4180 3
2419 4167 2433 4192 ‚
2469 4147 2527 4177 n.
2552 4130 2580 4177 3
2593 4162 2617 4189 ,
