3000 4717
421 342 469 379 A.
492 340 538 378 c.
565 338 658 388 ³⁴9·

421 397 659 443 uam
884 354 1192 423 LIBER
1251 354 1422 422 VII.
1485 354 1695 423 CAP.
1759 356 1972 422 XXI.
2335 351 2481 458 377·

369 477 854 564 haberentur3
883 474 1229 546 dictatore
1260 472 1626 546 obstinato
1666 472 1919 544 tollere
1957 475 2198 571 potius
2238 490 2480 547 totum

370 614 410 658 e
450 584 820 685 republica
859 585 1311 657 consulatum
1326 639 1346 674 ‚
1384 609 1602 683 quam
1630 585 2121 682 promiscuum
2152 586 2481 658 Patribus

369 722 450 768 ac
478 697 676 795 plebi
710 696 958 769 facere.
988 697 1427 769 Prolatandis
1458 698 1678 793 igitur
1707 695 2013 768 comitiis
2034 704 2090 783 ²,
2120 720 2347 792 quum
2379 696 2481 768 di-

369 822 599 879 ctator
642 810 1057 905 magistratu
1100 806 1365 878 abisset
1383 862 1402 896 ‚
1439 831 1554 877 res
1589 804 1678 875 ad
1715 806 2202 901 interregnum
2248 805 2481 875 rediit.

370 916 711 990 Infestam
753 918 922 990 inde
962 917 1291 989 Patribus
1335 915 1625 1015 plebem
1661 917 2055 1013 interreges
2091 939 2320 1011 quum
2363 939 2483 986 ac-

371 1032 726 1127 cepissent
742 1085 762 1119 ,
789 1030 880 1100 ad
907 1030 1375 1101 undecimum
1393 1030 1824 1125 interregem
1847 1024 2322 1098 seditionibus
2341 1043 2486 1096 ‘cer-

370 1155 601 1211 tatum
618 1155 746 1211 est.
771 1143 979 1239 Legis
1001 1141 1253 1212 liciniae
1277 1139 1765 1237 patrocinium
1782 1134 2058 1206 tribuni
2078 1134 2479 1230 jactabant:

373 1250 672 1346 propior
715 1248 928 1322 dolor
966 1250 1162 1349 plebi
1205 1250 1467 1321 fencris
1506 1246 2064 1345 ingravescentis
2098 1260 2250 1315 erat
2290 1273 2306 1315 ε
2354 1270 2485 1316 cu·
2536 1273 2549 1288 ‘

372 1384 614 1457 raeque
649 1364 938 1459 privatae
966 1364 1041 1433 in
1080 1358 1594 1433 certaminibus
1634 1355 1944 1455 publicis
1983 1354 2483 1452 erumpebant.

373 1472 702 1559 Quorum
734 1471 945 1543 taedio
977 1477 1217 1543 Patres
1248 1476 1325 1542 L.
1366 1469 1783 1541 Cornelium
1825 1467 2239 1562 Scipionem
2267 1468 2487 1537 inter-

372 1600 619 1673 regem
654 1575 1053 1651 concordiae
1083 1603 1291 1652 causa
1324 1579 1705 1651 observare
1745 1578 1973 1674 legem
2010 1576 2323 1650 liciniam
2362 1602 2484 1649 co-

372 1688 593 1768 mitiis
619 1691 1114 1763 consularibus
1134 1692 1432 1788 jussere.
1465 1695 1540 1761 P.
1558 1689 1843 1761 Valerio
1871 1686 2256 1759 Publicolae
2279 1689 2488 1760 datus

377 1821 416 1867 e
459 1796 670 1894 plebe
716 1800 984 1897 collega
1034 1806 1109 1873 C.
1157 1803 1465 1872 Marcius
1504 1800 1807 1871 Rutilus,
1857 1797 2223 1869 Inclinatis
2269 1798 2488 1871 semel

374 1906 450 1975 in
490 1908 949 1979 concordiam
980 1913 1232 1981 animis
1251 1964 1270 1997 ‚
1300 1912 1474 1982 novi
1508 1908 1839 1980 consules
1856 1960 1875 1991 ‚
1906 1895 2277 1979 fenebrem
2308 1933 2487 2005 quo·

374 2039 519 2113 que
551 2042 706 2089 rem
729 2073 748 2106 ‚
786 2043 949 2117 quae
982 2021 1322 2092 distinere
1358 2015 1785 2091 unanimos3
1824 2016 2235 2106 videbatur,
2256 2020 2491 2090 levare

374 2129 718 2223 aggressi,
769 2129 1201 2201 solutionem
1247 2130 1457 2201 alieni
1503 2131 1659 2201 aeris
1706 2130 1784 2198 in
1828 2125 2193 2223 publicam
2245 2151 2492 2197 curam

374 2251 748 2310 verterunt
779 2267 798 2327 ;
829 2241 1321 2338 quinqueviris
1365 2241 1618 2311 creatis
1648 2294 1669 2327 ‚
1720 2261 1905 2335 quos
1956 2239 2352 2310 mensarios
2400 2237 2493 2308 ab

378 2345 908 2441 dispensatione
962 2354 1285 2448 pecuniae
1333 2352 1811 2449 appellarunt.
1866 2350 2104 2419 Meriti
2158 2351 2492 2444 aequitate

379 2474 690 2549 curaque
729 2473 934 2545 sunt,
976 2474 1056 2529 ut
1092 2485 1223 2556 per
1272 2463 1600 2531 omnium
1644 2460 2006 2530 annalium
2052 2460 2497 2530 monimenta

380 2560 696 2634 celebres
736 2567 1152 2639 nominibus
1203 2584 1475 2657 essent;
1523 2568 1723 2640 fuere
1769 2584 2009 2641 autem
2054 2575 2131 2642 C.
2178 2570 2498 2659 Duilius,

380 2781 450 2801 —.—
468 2757 720 2806 Dictatore
739 2758 981 2807 obstinato
1003 2759 1194 2815 tollere,
1218 2770 1274 2806 ut
1290 2774 1393 2805 eer-

380 2848 456 2884 cus
485 2838 636 2895 mori,
667 2849 716 2886 et
741 2839 804 2886 al.

451 2933 499 2964 α.
510 2917 824 2965 Prolaeandis
836 2917 1057 2976 comitiis,
1073 2915 1365 2983 prolatando
1381 2949 1396 2974 ,

383 2994 657 3045 differendo
679 2998 903 3056 cominu
931 2996 1044 3045 vide
1068 2997 1133 3044 nd
1155 2999 1205 3055 1,
1227 2996 1316 3054 53,
1342 3011 1394 3041 n.

386 3074 433 3121 3.
447 3101 518 3111 ——
529 3076 739 3139 Propior
752 3077 896 3124 dolor
903 3075 1036 3140 plebi
1035 3075 1223 3141 seueris
1238 3075 1399 3140 ingra-

386 3153 604 3200 vescentis
643 3166 752 3201 erat
767 3174 787 3212 ,·
826 3156 1089 3204 conferunt
1129 3156 1232 3204 Cic.
1265 3157 1396 3203 Sext.

392 3231 454 3278 18
467 3262 483 3287 ‚
503 3231 729 3280 Omnibus
749 3249 840 3280 sua
843 3235 1084 3298 propiora
1105 3250 1204 3283 esse
1211 3233 1401 3299 pericu-

386 3308 438 3356 Ia
447 3343 464 3365 ‚
481 3325 630 3372 quam
648 3310 827 3358 aliena.
845 3339 915 3349 —-
927 3313 1122 3377 Legitur
1141 3313 1272 3379 apud
1290 3314 1398 3362 Cic.

385 3387 481 3436 loc.
503 3389 586 3436 cit.
611 3390 852 3437 strictiore
874 3405 1048 3440 sensu:
1068 3413 1093 3433 α
1108 3409 1288 3455 suaque
1307 3391 1403 3439 sibi

385 3468 615 3531 propiora
628 3484 731 3515 esse
744 3469 974 3532 pericula,
985 3486 1127 3533 quain
1142 3487 1262 3519 mea.
1275 3493 1299 3512 »ι
1308 3473 1399 3520 En.

386 3572 455 3582 -
482 3546 692 3595 Privatae
714 3564 866 3606 σανα,
894 3550 1038 3597 dolor
1051 3584 1066 3608 ,
1093 3567 1238 3614 quem
1256 3567 1400 3615 cepe-

387 3636 495 3672 rant
516 3641 577 3673 ex
594 3627 695 3673 suis
713 3626 932 3687 injuriis,
960 3639 1010 3677 et
1032 3629 1192 3677 adhuc
1214 3645 1401 3694 presse-

387 3713 512 3750 mut.

463 3783 507 3829 3.
542 3781 781 3829 Dis-tinere
807 3783 1061 3831 unanimos
1074 3819 1090 3841 ‚
1129 3785 1405 3850 disjungere

1442 2795 1448 2812 ,
1480 2758 1741 2820 οοὶζγόἰειω
1758 2773 1808 2809 et
1824 2762 2113 2826 argentarii,
2143 2779 2370 2811 nummos
2386 2781 2498 2812 cum

1481 2838 1778 2900 compendio
1810 2838 2041 2905 (accepto
2074 2841 2213 2888 lucro
2227 2874 2243 2898 ‚
2268 2843 2500 2906 collybo)

1481 2926 1834 2980 permutantes,
1869 2918 1948 2965 vel
1973 2918 2230 2982 pecuniam
2245 2952 2259 2977 ,
2303 2935 2331 2966 a
2362 2920 2500 2968 locu-

1482 2993 1774 3059 pletioribus
1811 2995 1943 3061 apud
1978 3012 2028 3043 se
2060 2996 2330 3061 depositam
2344 3032 2359 3057 ,
2392 2999 2502 3047 aliis

1484 3073 1639 3121 feneri
1658 3072 1829 3122 dantes
1849 3075 2231 3124 creditoribusve
2251 3078 2504 3126 exsolven-

1486 3164 1586 3211 tes,
1620 3163 1669 3200 et
1702 3153 2017 3217 argentariam
2050 3153 2207 3219 (rem)
2238 3156 2469 3204 facientes
2487 3191 2505 3215 ,

1486 3248 1572 3279 seu
1609 3243 1887 3281 exercentes
1924 3231 2328 3297 (Geldwechslen
2369 3237 2504 3284 Ban-

1489 3311 1708 3377 quiet-s),
1737 3312 1807 3359 sic
1843 3310 1963 3359 dicti
1987 3328 2016 3359 a
2048 3329 2212 3360 mensa
2237 3316 2507 3378 argentaria

1490 3381 1775 3460 (τρέπεζσις
1826 3394 1964 3442 unde
2008 3393 2298 3462 τραπεζίται
2313 3384 2363 3458 );
2417 3398 2502 3445 sed

1489 3470 1819 3535 quinqueviri,
1859 3481 2003 3534 atque
2028 3471 2263 3519 triumviri
2280 3474 2510 3520 mensarii

1487 3550 1726 3614 (xxm,
1749 3564 1841 3609 213
1861 3552 2055 3610 xnv,
2082 3552 2388 3609 183xxvl,
2410 3551 2506 3616 36)

1490 3640 1605 3676 sunt
1616 3630 1921 3693 magistratus
1937 3630 2307 3677 extraordinarii
2319 3665 2333 3688 ,
2353 3630 2420 3677 ob
2439 3647 2511 3678 sr-

1492 3708 1625 3771 genti
1663 3707 1914 3771 penuriam
1954 3709 2128 3767 creati,
2172 3710 2257 3772 qui
2289 3710 2511 3773 pecuniae

1494 3786 1705 3850 publicoe
1729 3802 1790 3833 ex
1808 3786 1978 3833 aersrio
1991 3820 2005 3845 ‚
2028 3786 2199 3834 mensis
2219 3789 2328 3834 eum
2348 3804 2445 3835 oere
2460 3789 2515 3837 in

390 3871 437 3908 et
461 3860 697 3925 impedire
724 3862 1119 3921 unanimitatem3
1146 3865 1295 3911 Doer.
1325 3866 1401 3914 Cf.
1479 3863 1603 3929 fhro
1643 3862 1844 3928 potins,
1895 3863 2197 3914 debitoribus
2232 3866 2510 3931 dispensan-

389 3939 453 3986 ιὰ
466 3941 564 3998 111,
586 3940 651 3986 23
665 3974 679 3998 ‚
696 3954 747 3986 n.
772 3954 815 3987 1.
835 3965 902 3976 -
921 3940 1160 3989 Mensarii
1174 3942 1254 3996 vel
1272 3959 1403 3991 men-

387 4019 561 4066 sularii
592 4033 761 4083 propt.
792 4018 939 4066 iidem
971 4021 1055 4082 qui
1091 4021 1405 4070 nummularii

390 4094 588 4159 (confer
619 4100 749 4145 Suet.
772 4098 899 4160 Aug.
924 4114 952 4144 2
968 4132 982 4156 ‚
1006 4097 1090 4162 4),
1119 4099 1396 4163 trapezitae,

1492 3942 1572 3991 dae
1604 3944 1684 3990 vel
1716 3942 1918 4006 singulis
1953 3944 2320 4008 suppeditandae
2359 3945 2382 4011 (
2394 3959 2511 3995 vor-

1491 4020 1761 4084 selaiessen)
1807 4036 1972 4069 curam
2021 4021 2280 4072 habebant.
2323 4026 2512 4075 Eodem

1489 4101 1640 4149 modo
1666 4117 1769 4149 rem
1790 4101 2036 4149 fenebrem
2062 4102 2244 4151 levavit
2267 4104 2511 4152 Tiberius.
