3000 4717
2275 426 2324 462 A.
2349 423 2397 463 C.
2426 427 2518 478 393.

457 438 589 526 164
1296 444 1370 511 T·
1437 439 1707 512 LIVII
2275 483 2330 526 U.
2351 486 2401 527 c.
2428 488 2521 541 ³⁵9.

447 578 653 636 esset.
689 564 1027 635 Veientes
1049 619 1067 653 ,
1110 563 1338 660 ignari
1395 589 1471 635 se
1516 564 1664 658 jam
1725 563 1816 636 ab
1876 563 2020 634 suis
2063 565 2381 656 vatibus,
2423 568 2571 663 jam

446 673 538 746 ab
581 676 893 746 externis
934 674 1241 745 oraculis
1282 673 1647 771 proditos,
1683 675 1832 770 jam
1876 674 1952 744 in
2002 690 2277 772 partem
2315 676 2573 774 praedae

448 811 589 856 suae
633 800 927 856 vocatos
953 788 978 835 ⁴
1023 784 1227 874 deOS,
1258 785 1433 855 alios
1467 786 1654 856 votis
1693 810 1782 855 ex
1818 784 2000 855 urbe
2041 809 2168 855 sua
2198 801 2569 877 evocatos,

443 895 761 967 hostium
798 896 1068 994 templa
1101 884 1473 991 novasque
1510 894 1714 966 sedes
1744 911 2063 993 spectare
2087 951 2105 985 ,
2144 920 2365 993 seque
2399 897 2574 967 ulti-

444 1026 645 1077 mum
686 1006 889 1076 illum
922 1005 1110 1075 diem
1150 1028 1401 1099 agere3
1443 1002 1624 1072 nihil
1661 1006 1900 1075 minus
1945 1006 2319 1094 timenteS,
2355 1031 2584 1104 quam'

446 1116 764 1189 subrutis
782 1114 1120 1186 cuniculo
1140 1112 1505 1184 moenibus
1531 1139 1769 1187 arcem
1782 1116 1928 1210 jam
1950 1115 2236 1213 plenam
2254 1116 2572 1188 hostium

448 1254 629 1317 esse,
662 1229 738 1296 in
776 1251 1023 1298 muros
1059 1250 1195 1323 pro
1231 1250 1304 1296 se
1340 1224 1651 1322 quisque
1691 1227 1946 1296 armati
1974 1225 2424 1316 discurrunt3
2450 1229 2576 1297 mi-

446 1353 686 1409 rantes
742 1336 1090 1435 quidnam
1147 1334 1221 1405 id
1277 1350 1496 1423 esset,
1533 1336 1768 1432 quod,
1807 1361 2036 1433 quum
2083 1351 2194 1407 tot
2245 1361 2377 1434 per
2423 1337 2574 1408 dies

445 1475 665 1520 nemo
700 1475 774 1520 se
809 1448 901 1518 ab
939 1445 1369 1518 stationibus
1404 1449 1723 1518 romanis
1750 1449 2125 1537 movisset,
2161 1462 2350 1537 tum,
2378 1449 2575 1520 velut

444 1560 831 1656 repentino
867 1559 991 1627 icti
1019 1556 1263 1657 furore
1282 1552 1335 1645 5,
1350 1556 1739 1655 improvidi
1769 1573 2146 1630 currerent
2181 1559 2272 1629 ad
2302 1584 2571 1631 muros.

447 1670 796 1741 Inseritur
815 1667 985 1737 huic
1003 1667 1166 1738 loco
1187 1665 1462 1756 fabula3
1487 1668 1912 1740 immolante
1935 1694 2103 1766 rege
2123 1670 2534 1743 Veientium
2551 1724 2571 1758 ,

449 1803 701 1850 vocem
734 1778 1132 1875 haruspicis
1170 1777 1507 1864 dicentiS,
1537 1786 1669 1874 qui
1689 1782 1842 1872 ejus
1873 1780 2128 1852 hostiae
2149 1799 2577 1879 excaprose-

450 1884 768 1975 cuissetfi,
811 1893 882 1957 εἰ
930 1892 1308 1958 victoriam
1358 1888 1562 1973 dari,
1610 1888 2025 1959 exauditam.
2068 1892 2144 1960 in
2198 1891 2574 1978 cuniculo,

447 2001 754 2071 movisse
785 2023 1125 2070 romanos
1149 1999 1411 2068 milites
1432 2053 1451 2084 ,
1480 2013 1563 2067 ut
1581 2053 1601 2085 ,
1633 1997 1978 2096 adaperto
2007 2003 2346 2074 cuniculo
2364 2060 2383 2093 ,
2415 2017 2580 2074 exta

448 2124 790 2206 raperent
834 2124 905 2180 et
947 2109 1037 2180 ad
1074 2108 1497 2179 dictatorem
1536 2106 1830 2178 ferrent.
1873 2108 2013 2178 Sed
2052 2111 2130 2178 in
2169 2112 2391 2183 rebus
2431 2128 2579 2182 tam

452 2221 802 2317 antiquis,
837 2220 933 2308 si,
966 2244 1125 2316 quae
1164 2216 1418 2287 similia
1451 2218 1602 2286 veri
1645 2217 1822 2307 sint,
1852 2242 1988 2314 pro
2024 2220 2210 2289 veris
2241 2222 2583 2316 accipian-

453 2343 605 2413 tur,
660 2329 826 2398 satis
874 2326 1180 2397 habeam
1198 2337 1249 2393 7.
1307 2331 1508 2406 Haec,
1557 2324 1645 2394 ad
1692 2323 2300 2397 ostentationem⁸
2346 2351 2580 2399 scente

448 2437 826 2534 gaudentis
874 2436 1233 2506 miraculis
1270 2437 1583 2531 aptiora,
1624 2459 1842 2531 quam
1892 2435 1981 2505 ad
2032 2435 2251 2509 fidem
2275 2493 2293 2526 ,
2334 2463 2578 2535 neque

453 2544 846 2633 affirmare,
881 2569 1121 2640 neque
1166 2543 1494 2616 refellere
1544 2561 1650 2616 est
1695 2569 1931 2643 operae
1975 2549 2314 2644 pretium.
2357 2550 2577 2619 Cuni—

336 2645 341 2650 ‘
422 2656 697 2743 culus,
742 2653 1033 2725 delectis
1074 2653 1423 2725 militibus
1466 2679 1554 2726 eo
1599 2669 1927 2753 tempore
1969 2659 2269 2755 plenus,
2309 2661 2384 2730 in
2426 2657 2577 2729 oede

452 2767 757 2837 Junonis
776 2821 795 2854 ,
829 2789 989 2862 quae
1017 2766 1092 2835 in
1120 2766 1501 2836 veientana
1524 2789 1686 2836 arce
1714 2782 1898 2856 erat,
1933 2784 2243 2839 armatos
2274 2782 2578 2866 repente
2658 2832 2663 2836 ,

455 2877 714 2950 edidit:
742 2890 813 2947 et
841 2900 1005 2976 pars
1038 2894 1324 2948 aversos
1352 2876 1430 2945 in
1461 2874 1685 2946 muris
1715 2876 2065 2947 invadunt
2100 2878 2380 2948 hostes:
2410 2901 2580 2974 pars

529 3097 577 3144 4.
614 3092 731 3136 <Iam
760 3089 824 3135 ab
848 3087 947 3135 suis
971 3087 1192 3144 vatibus,
1222 3087 1336 3134 vide
1361 3103 1468 3151 cap.

458 3167 521 3213 15
538 3184 552 3225 ;
566 3167 679 3230 jam
702 3167 767 3211 ab
792 3165 1003 3213 extemis
1023 3166 1233 3213 oraculis
1247 3164 1473 3229 proditos

457 3245 570 3292 vide
583 3260 688 3309 cap.
707 3244 767 3290 16
778 3255 926 3302 extr.;
944 3243 1058 3308 jam
1077 3244 1124 3289 in
1132 3254 1329 3307 partem
1337 3260 1473 3305 prae·

454 3324 533 3371 dae
544 3339 644 3370 suae
654 3332 883 3377 vocatos,
907 3320 971 3368 ad
983 3321 1268 3385 capiendam
1285 3332 1474 3385 partem

456 3404 634 3469 praedae
649 3436 663 3460 ‚
702 3400 822 3464 ipsis
859 3399 1171 3463 promissam,
1210 3400 1444 3448 invitatos
1458 3435 1472 3459 ,

456 3486 613 3538 Deos,
644 3478 943 3545 Apollinem.
967 3479 1147 3526 Confer
1163 3478 1338 3541 virgil.
1362 3482 1473 3526 AEn.

456 3563 543 3610 lib.
584 3563 660 3609 111
681 3595 697 3619 ‚
728 3575 857 3607 vers.
889 3574 986 3605 222
1014 3593 1028 3615 ,
1054 3559 1194 3606 Tom.
1232 3559 1307 3604 IV
1341 3570 1471 3606 nost.

457 3642 582 3690 Coll.
593 3643 684 3689 En.
706 3638 937 3688 Similiter
954 3637 1133 3685 dicitur
1147 3654 1249 3685 esse
1267 3638 1316 3684 in
1326 3649 1474 3702 parce

449 3721 659 3784 praedae,
686 3716 864 3768 laboris
876 3716 1152 3781 eze-periculi
1166 3734 1257 3782 pro
1270 3753 1284 3777 ,
1306 3733 1478 3765 eorum

460 3800 746 3864 participem
767 3814 894 3856 esse,
921 3796 1047 3843 infra
1062 3797 1127 3855 V,
1154 3799 1219 3851 46
1235 3831 1249 3854 ,
1273 3814 1325 3843 n.
1345 3804 1405 3854 43
1426 3808 1474 3844 et

459 3878 663 3935 XXXI,
703 3892 748 3925 1.
786 3876 969 3926 Confer
998 3875 1061 3923 ad
1092 3877 1182 3934 IV,
1214 3876 1306 3935 35,
1330 3894 1381 3925 n.
1409 3893 1472 3935 23

460 3957 647 4012 etvll,
665 3971 757 4013 22,
780 3972 829 4001 n.
851 3963 899 4010 4.
919 3981 986 3990 —-·
1007 3953 1175 4012 Alios,
1200 3958 1472 4013 Junonem,

454 4033 586 4082 votis
618 4049 683 4077 ex
708 4033 823 4079 urbe
856 4048 949 4078 sua
978 4044 1223 4089 evocatos,
1268 4034 1384 4080 vide
1408 4032 1470 4081 ad

456 4129 569 4177 cap.
604 4110 666 4157 15
682 4143 696 4166 ,
719 4125 771 4155 n.
801 4110 850 4155 8.
1183 4170 1184 4177 ἵ

529 4190 577 4237 5.
601 4185 861 4251 Repentino
889 4184 975 4231 icti
973 4184 1152 4247 surore
1164 4221 1179 4243 ,
1207 4188 1320 4235 vide
1341 4189 1403 4237 ad
1421 4191 1470 4248 1,

1567 3082 1654 3146 ιδ,
1681 3103 1730 3134 n.
1754 3103 1802 3133 2.
1819 3113 1889 3122 —-
1914 3086 2150 3133 Inseritur
2169 3086 2280 3133 huic
2298 3086 2403 3133 Ioco
2418 3119 2435 3141 ,
2465 3102 2578 3133 nar-

1561 3166 1740 3213 rationi
1753 3167 1950 3228 ejusque
1963 3164 2089 3228 parti
2102 3200 2116 3223 ,
2129 3165 2226 3211 nisi
2238 3165 2331 3228 leg.
2346 3163 2438 3211 hoc
2453 3166 2574 3213 Ioco.

1584 3286 1595 3295 ,
1633 3245 1682 3292 6.
1724 3244 1820 3304 Qui
1837 3243 1938 3308 ejus
1958 3243 2130 3291 hostioe
2152 3256 2269 3290 exta
2293 3255 2445 3292 assata
2458 3278 2472 3302 ,
2491 3260 2579 3291 seu

1561 3333 1688 3370 tosta
1702 3322 2042 3384 prosecuisset,
2074 3321 2405 3380 disseruisset,
2433 3334 2577 3385 atque

1564 3400 1860 3449 comedenda
1882 3400 2221 3449 distribuisset.
2244 3401 2427 3449 Confer
2444 3402 2575 3449 Suet.

1562 3482 1689 3544 Aug.
1714 3481 1766 3538 13
1795 3488 1843 3526 et
1867 3497 2010 3545 supra
2028 3480 2092 3526 ad
2120 3483 2170 3539 1,
2199 3496 2255 3540 7,
2281 3497 2330 3527 n.
2364 3497 2442 3527 12.
2471 3479 2577 3526 No-

1561 3560 1694 3617 nius,
1717 3575 1824 3623 cap.
1848 3559 1902 3608 3:
1924 3560 2179 3616 Prosecta,
2205 3570 2325 3606 exta
2345 3576 2456 3622 quoe
2477 3557 2577 3604 aris

1562 3638 1765 3695 dantur,
1783 3654 1847 3684 ex
1846 3637 1994 3705 fibris
1996 3637 2241 3700 pecudum
2254 3638 2472 3684 dissecta.
2484 3638 2574 3685 En.

1636 3732 1681 3776 7.
1718 3716 1847 3763 Satis
1888 3716 2124 3777 habeam,
2168 3727 2428 3764 contentus
2468 3717 2577 3763 sim.

1561 3796 1759 3844 Urbane
1784 3796 1984 3844 dictum.

1634 3877 1682 3923 8.
1695 3876 1782 3922 Ad
1789 3875 2156 3922 ostentationem
2167 3889 2338 3930 scenoe,
2355 3886 2412 3922 ut
2420 3886 2579 3922 osten-

1562 3965 1726 4003 tentur
1749 3954 1802 4000 in
1829 3971 1997 4012 scena,
2024 3953 2112 4001 ubi
2131 3964 2427 4017 spectatores
2455 3968 2577 3999 vana

1558 4049 1718 4080 rerum
1739 4033 1902 4096 specie
1924 4032 2080 4080 oculis
2096 4032 2310 4090 subjecta
2333 4032 2577 4079 delectan-

1559 4122 1653 4158 tur.
1676 4137 1744 4148 -
1765 4111 1937 4172 Neque
1951 4108 2227 4176 affirmare,
2258 4125 2413 4173 neque
2436 4108 2575 4178 refel-

1562 4190 1685 4245 lere,
1717 4187 1886 4236 confer
1904 4188 1970 4236 ad
1988 4188 2125 4236 Praef.
2149 4203 2199 4235 n.
2229 4203 2252 4234 1
2265 4203 2311 4237 1.
