3000 4717
2198 304 2242 343 A.
2270 305 2314 342 C.
2341 301 2565 349 4¹6-*AE¹5·

509 324 600 394 88
1357 329 1435 394 Τ.
1500 328 1557 395 L
1570 328 1602 393 I
1618 326 1681 394 V
1694 327 1729 393 Ῑ
1742 317 1778 391 I
2196 362 2251 402 u.
2273 367 2317 404 c.
2345 365 2571 419 336-337.

503 447 749 545 potius
767 499 786 530 ‚
813 468 1047 541 quam·
1066 446 1272 532 scite,
1300 447 1530 541 jussit.
1570 444 1843 517 Eodem
1863 453 1926 486 ¹⁰
1946 467 2139 513 anno
2169 467 2211 512 a
2242 447 2624 541 Campanis

506 560 784 644 Cumae,
817 580 1035 651 quam
1065 557 1292 627 Graeci
1324 570 1481 627 tum
1511 554 1771 626 urbem
1801 553 2181 641 tenebant,
2216 554 2620 650 capiuntur.

504 670 902 762 Insequens
931 691 1163 737 annus
1192 664 1525 737 tribunos
1554 667 1863 736 militum
1889 664 2244 736 consulari
2274 679 2626 762 potestate

505 769 794 858 habuit,
824 775 1208 871 Agrippam
1239 777 1657 847 Menenium
1688 781 2039 846 Lanatum
2057 828 2077 863 ,
2106 779 2177 844 P.
2209 778 2625 846 Lucretium

502 882 1034 980 Tricipitinum,
1066 888 1185 981 Sp.
1211 888 1555 956 Nautium
1590 885 1936 957 Rutilum.

598 998 812 1064 XLV.
836 999 1089 1065 Annus
1108 1006 1160 1083 ¹,
1181 993 1518 1066 felicitate
1538 995 1788 1092 populi
1811 995 2122 1081 romani,
2150 994 2474 1092 periculo
2497 1020 2624 1092 po-

500 1101 646 1170 tius
674 1104 983 1199 ingenti,
1016 1127 1231 1198 quam
1266 1104 1504 1190 clade,
1538 1105 1857 1201 insignis.
1888 1105 2213 1192 Servitia,
2240 1103 2512 1175 Urbem
2544 1120 2627 1175 ut

499 1210 972 1283 incenderent
993 1210 1422 1284 distantibus
1442 1213 1618 1284 locis
1632 1269 1650 1302 ,
1676 1213 2179 1307 conjurarunt3
2199 1211 2624 1309 populoque

500 1321 593 1391 ad
622 1346 838 1419 opem
867 1324 1129 1420 passim
1154 1321 1525 1394 ferendam
1553 1325 1758 1398 tectis
1787 1325 2101 1413 intento,
2127 1338 2210 1392 ut
2238 1345 2473 1393 arcem
2504 1326 2628 1392 Ca-

498 1432 983 1529 pitoliumque
1017 1436 1270 1504 armati
1303 1421 1766 1531 occuparent.
1804 1434 2081 1505 Avertit
2111 1429 2422 1502 nefanda
2451 1456 2626 1501 con-

499 1542 651 1612 silia
687 1543 1005 1638 Jupiter:
1048 1542 1460 1639 indicioque
1499 1543 1812 1615 duorum
1847 1540 2350 1641 comprehensi
2384 1555 2627 1612 sontes

500 1671 755 1745 poenas
801 1648 1181 1720 dederunt.
1237 1652 1605 1725 Indicibus
1658 1655 1847 1725 dena
1895 1653 2114 1722 millia
2158 1653 2387 1750 gravis
2435 1652 2624 1739 aeris,

500 1782 662 1853 quae
698 1772 854 1829 tum
891 1758 1149 1830 divitiae
1183 1760 1667 1852 habebantur,
1703 1789 1792 1834 ex
1826 1766 2071 1834 aerario
2108 1777 2516 1850 numerata,
2552 1775 2627 1831 et

497 1867 793 1940 libertas
837 1872 1213 1965 praemium
1258 1869 1415 1942 fuit.
1464 1873 1742 1942 Bellum
1784 1874 1954 1944 inde
2006 1873 2095 1944 ab
2126 1874 2379 1969 ‚AEquis
2420 1896 2627 1968 repa-

501 1981 641 2049 rari
668 1994 988 2077 coeptum
1009 2008 1023 2049 :
1054 1996 1157 2069 et,
1182 2007 1413 2052 novos
1434 1981 1680 2052 hostes
1701 1986 2128 2054 Lavicanos²
2147 1982 2443 2055 consilia
2460 2006 2628 2053 cum

496 2088 865 2160 veteribus
906 2090 1248 2186 jungere,
1289 2090 1484 2161 haud
1529 2092 1821 2161 incertis
1864 2090 2281 2160 auctoribus
2322 2098 2628 2162 Romam
2709 2116 2717 2125 ·

498 2212 607 2268 est
646 2198 960 2270 allatum.
1001 2205 1397 2297 AEquorum
1426 2202 1573 2296 jam
1608 2202 1805 2270 velut
1837 2199 2331 2270 anniversariis
2352 2199 2381 2243 ³
2412 2202 2630 2270 armis

501 2323 817 2378 assuerat
862 2311 1127 2380 civitas.
1174 2312 1471 2380 Lavicos
1500 2303 1724 2406 'legati
1769 2310 1965 2379 missi
2011 2334 2236 2405 quum
2279 2333 2633 2405 responsa

496 2417 668 2487 inde
708 2420 1119 2489 retulissent
1161 2419 1422 2506 dubia,
1462 2419 1764 2516 quibUS,
1802 2445 1939 2491 nec
1983 2434 2137 2490 tum
2175 2418 2449 2490 bellum
2499 2443 2628 2515 pa-

498 2526 673 2607 rari,
705 2550 840 2595 nec
877 2526 1292 2595 diuturnam
1333 2551 1583 2624 pacem
1623 2528 1815 2617 fore,
1857 2543 2268 2624 appareret,
2295 2529 2628 2600 Tuscula-

497 2635 611 2704 nis
633 2636 1007 2731 negotium
1034 2635 1283 2706 datum
1299 2691 1318 2723 ,
1341 2635 1786 2710 adverterent
1804 2644 2119 2722 animos,
2146 2662 2237 2707 ne
2258 2639 2448 2734 quid
2461 2647 2639 2709 novi

498 2744 842 2816 tumultus
860 2750 1137 2818 Lavicis
1155 2755 1476 2818 oriretur.
1504 2746 1615 2819 Ad
1634 2748 2081 2845 insequentis
2101 2749 2273 2817 anni
2292 2746 2625 2818 tribunos

500 2965 612 3014 σθαι
659 2964 814 3033 λόγοις
861 2962 1198 3035 ἀσεμνοτέροις
1247 2970 1330 3018 τοῦ
1383 2963 1510 3030 flaons.

499 3042 626 3090 Plut.
642 3047 774 3108 Opp.
800 3046 858 3091 T.
880 3047 956 3103 11,
977 3062 1029 3108 p.
1059 3045 1141 3106 89.
1178 3047 1268 3093 En.

573 3137 651 3168 10.
673 3124 860 3169 Eodem
878 3141 1008 3170 anno
1029 3141 1062 3170 a
1079 3123 1341 3187 Campanis
1353 3123 1517 3170 Cumae

496 3198 784 3261 capiuntur,
811 3201 924 3248 vide
947 3200 1009 3248 ad
1035 3217 1078 3249 c.
1111 3203 1196 3260 37,
1218 3218 1267 3248 n.
1298 3218 1319 3247 1
1342 3208 1359 3260 3
1380 3212 1430 3247 et
1447 3201 1511 3247 cf.

495 3277 704 3324 Diodor.
721 3280 822 3326 XII
837 3313 851 3336 ‚
872 3280 952 3339 76.
967 3307 1037 3316 -
1059 3281 1216 3340 Quam
1235 3278 1397 3326 Graeci
1413 3290 1514 3325 tum

495 3357 660 3403 urbem
694 3358 942 3413 tenebant,
979 3358 1224 3405 conditam
1257 3358 1319 3405 Α.
1345 3358 1433 3405 Ch.
1461 3374 1511 3405 ιι.

499 3435 630 3483 1053
652 3470 667 3494 ,
712 3435 773 3482 ab
815 3436 1060 3501 Hippocle
1088 3448 1138 3484 et
1170 3436 1513 3500 Megasthene,

493 3515 716 3561 oriundis
737 3525 787 3562 et
810 3516 1045 3578 profectis
1070 3516 1131 3563 ab
1148 3517 1346 3564 Euboeae
1369 3516 1515 3579 oppi-

495 3593 596 3654 dis,
625 3595 776 3643 Cuma
803 3606 852 3642 et
874 3593 1105 3643 Chalcide
1119 3630 1135 3655 ‚
1161 3611 1269 3658 quae
1283 3597 1382 3655 jam
1401 3605 1514 3641 ante

491 3674 701 3735 Troiana
751 3686 972 3739 tempora
1022 3674 1084 3722 ab
1131 3674 1514 3722 Atheniensibus

493 3753 693 3801 condita
710 3755 905 3803 dicitur.
924 3753 1000 3803 Cf.
1020 3754 1083 3802 ad
1095 3756 1221 3801 VIII
1235 3787 1249 3813 ,
1268 3770 1330 3801 22
1346 3787 1360 3812 ‚
1382 3769 1432 3799 n.
1455 3760 1512 3813 43

492 3831 735 3890 strahv,
773 3851 823 3896 p.
856 3836 980 3891 1683
1022 3834 1084 3882 al.
1112 3835 1211 3890 243
1234 3852 1248 3893 ;
1274 3834 1335 3881 al.
1371 3834 1466 3892 372
1493 3851 1511 3894 ς

445 3900 450 3905 ’
478 3909 662 3966 Vellei.
690 3913 743 3968 1,
770 3919 825 3969 43
852 3914 1027 3977 Heyne
1053 3912 1117 3959 ad
1133 3914 1275 3975 Vix-g.
1296 3913 1508 3971 AEn.V1,

493 4004 522 4035 2
542 4004 557 4047 3
580 3999 629 4034 et
650 3988 833 4052 Opusc.
848 3989 1002 4037 Acad.
1022 3991 1148 4049 T.V,
1174 4008 1225 4054 p.
1248 3999 1364 4046 4⁰0·
1384 3992 1511 4039 Mox

493 4082 602 4115 cum
629 4066 785 4114 Gron.
810 4068 1068 4130 legendum
1102 4069 1332 4117 videtur:
1374 4071 1509 4117 Inse-

1607 2981 1754 3030 quens
1772 2980 1927 3012 annus
1948 2964 2162 3012 tribunos
2176 2998 2189 3011 .
2203 2996 2215 3009 .
2228 2998 2242 3011 .
2259 2964 2344 3027 Sp.
2358 2962 2622 3018 Nautium,

1607 3043 1659 3091 C.
1688 3043 1933 3091 Servilium
1977 3041 2122 3106 (vide
2149 3043 2212 3089 ad
2239 3060 2344 3108 cap.
2373 3042 2514 3088 XLII
2530 3075 2544 3099 ,
2567 3055 2624 3087 m

1607 3120 1666 3185 3)
1681 3155 1696 3180 ,
1705 3121 1950 3187 felicitate
1965 3122 2142 3186 populi
2163 3139 2286 3169 rom.
2306 3158 2318 3170 .
2337 3155 2348 3168 .
2366 3156 2380 3168 .
2396 3117 2589 3184 insignis
2602 3153 2621 3176 ‚

1604 3211 1653 3247 et
1676 3200 1840 3247 ahxhis
1864 3216 2046 3248 novum
2068 3212 2215 3264 caput
2237 3199 2545 3248 ordiendum.

1673 3280 1793 3328 Car.
1827 3281 1980 3327 XLV.
2028 3297 2074 3327 1.
2118 3283 2289 3327 Annus
2303 3315 2319 3336 ‚
2350 3278 2620 3344 felicitate,

1602 3374 1691 3422 per
1718 3375 1804 3405 seu
1826 3372 2032 3424 propter
2064 3360 2343 3407 felicitatem
2357 3392 2371 3416 ,
2398 3373 2506 3421 quae
2532 3356 2625 3403 fuit

1604 3437 1809 3491 felicitas,
1823 3438 2000 3502 populi
2020 3454 2139 3486 rom.
2159 3472 2176 3495 ‚
2208 3449 2299 3486 etc.
2324 3465 2394 3473 —
2422 3434 2624 3482 Servitia

1604 3516 1787 3564 armati
1809 3528 2125 3580 occuparent,
2168 3516 2283 3563 vide
2308 3516 2371 3563 ad
2397 3517 2472 3577 III
2489 3549 2502 3574 ,
2534 3512 2626 3571 15,

1602 3611 1653 3643 ιι.
1683 3597 1739 3654 8;
1759 3607 1807 3643 et
1832 3597 2059 3654 XXVII,
2087 3596 2180 3653 16,
2207 3612 2257 3641 n.
2291 3611 2340 3641 2.
2362 3595 2489 3641 Mox
2506 3602 2624 3656 post

1603 3675 1783 3722 intento
1803 3675 2121 3739 repetendum
2139 3674 2472 3739 conjurarunt.

1673 3772 1722 3804 2.
1759 3755 2054 3812 Lavicanos,
2077 3754 2190 3801 vide
2211 3753 2273 3799 ad
2291 3755 2366 3809 II,
2388 3752 2482 3811 39,
2501 3766 2553 3797 n.
2573 3749 2623 3796 5.

1672 3835 1719 3882 3.
1760 3833 2113 3882 Anniversariis
2142 3832 2319 3888 armis,
2347 3830 2505 3879 bellis.
2543 3828 2620 3877 Cf.

1596 3912 1660 3959 ad
1677 3915 1727 3971 I,
1747 3913 1837 3971 30,
1866 3928 1915 3958 n.
1940 3927 1986 3971 7.
2007 3912 2133 3958 Mox
2156 3912 2283 3958 forte
2300 3911 2394 3973 leg.
2416 3907 2621 3956 necdum

1597 3992 1771 4039 bellum
1775 3990 1969 4055 parari.
1985 3990 2382 4038 -Adverterenc
2402 3990 2589 4038 animos
2597 4022 2616 4048 2

1595 4070 1710 4119 vide
1735 4070 1799 4119 ad
1816 4071 2010 4129 XXIV,
2050 4070 2143 4127 48,
2167 4085 2216 4117 n.
2248 4086 2297 4117 2.
