3000 4717
2298 365 2352 401 Α.
2376 364 2422 403 C.
2447 364 2535 403 32⁸¹.

463 381 603 454 516
1272 381 1351 448 r.
1422 325 1701 448 L1vi1
2298 420 2537 469 aa...

454 508 763 577 maxime
805 526 1077 574 nomen
1127 526 1257 600 per
1302 524 1739 573 consensum
1789 499 2254 571 clamantium
2306 503 2591 575 Brutuli

456 619 546 685 Pa
558 615 652 711 pii
673 610 703 655 ⁵
721 612 1242 684 exaudiebatur
1271 640 1286 681 ε
1313 613 1423 682 vir
1449 610 1714 682 nobilis
1742 619 2158 709 potensque
2183 627 2363 701 erat,
2390 613 2589 685 haud

451 723 678 795 dubie
715 724 1206 821 proximarum
1235 722 1687 793 induciarum
1716 736 1978 820 ruptor
1995 717 2050 791 ⁶.
2093 726 2205 792 De
2238 745 2322 792 eo
2358 724 2592 794 coacti
2681 778 2691 785 .

455 832 726 905 referre
754 848 1096 932 praetores
1129 832 1504 904 decretum
1544 829 1874 903 fecerunt
1898 884 1918 919 ‚
1961 837 2052 902 Ut
2077 830 2413 902 Brutulus
2442 837 2589 902 Pa-

444 948 619 1041 pius
652 946 1002 1014 Romanis
1036 942 1419 1012 dederetur
1439 966 1461 1010 .·
1489 956 1562 1011 et
1588 965 1755 1012 cum
1787 966 1874 1012 eo
1898 942 2169 1037 praeda
2208 948 2439 1013 omnis
2471 967 2587 1013 ro-

456 1078 684 1122 mana
705 1108 723 1138 ,
758 1058 1161 1150 captivique
1198 1068 1278 1121 ut
1299 1056 1613 1122 Romam
1637 1057 2118 1139 mitterentur,-
2149 1076 2463 1149 qumque
2486 1076 2593 1123 res

440 1189 589 1261 per
602 1163 904 1253 fetiales
945 1188 1041 1233 ει*
1056 1163 1354 1253 foedere
1394 1167 1715 1260 repetitoe
1747 1177 2004 1249 essent,
2045 1163 2439 1234 secundum
2463 1164 2590 1258 jus

433 1279 712 1371 fasque
733 1283 1280 1346 restituet-eatur.
1305 1274 1609 1346 Fetiales
1630 1280 1933 1345 Romam
1951 1328 1970 1362 ‚
1998 1289 2081 1345 ut
2109 1291 2547 1347 censuerunt
2569 1329 2590 1364 ‚

458 1385 691 1472 missi,
732 1400 803 1457 et
844 1410 1105 1483 corpus
1142 1385 1422 1457 Brutuli
1459 1388 1829 1457 exanime:
1861 1388 2014 1483 ipse
2054 1400 2289 1457 morte
2325 1388 2589 1458 volun-

459 1498 632 1567 taria
662 1498 1071 1594 ignominiae
1109 1521 1183 1568 se
1212 1521 1294 1568 ac
1322 1496 1679 1595 supplicio
1712 1495 2090 1568 subtraxit.
2122 1497 2390 1568 Placuit
2422 1522 2592 1569 cum

456 1631 762 1704 corpore
801 1606 994 1678 bona
1033 1632 1331 1704 quoque
1376 1608 1533 1703 ejus
1574 1607 1743 1680 dedi
1775 1635 1792 1678 z
1840 1606 2017 1678 nihil
2064 1621 2309 1678 tamen
2346 1631 2593 1680 earum

458 1741 742 1800 rerum,
782 1732 1039 1815 praeter
1071 1719 1429 1818 captivos,
1476 1743 1560 1789 ac
1600 1720 1659 1791 si
1703 1742 1850 1817 qua
1890 1721 2179 1816 cognita
2224 1743 2307 1789 ex
2356 1718 2592 1817 praeda

459 1842 660 1911 sunt,
696 1842 1071 1924 acceptum
1106 1843 1248 1899 est:
1280 1843 1697 1901 caeterarum
1727 1853 1974 1901 rerum
2009 1830 2207 1899 irrita
2245 1827 2379 1900 fuit
2407 1829 2595 1901 dedi-

457 1937 584 2007 tio.
614 1940 941 2010 Dictator
968 1964 1054 2010 ex
1080 1941 1713 2012 senatusconsulto
1741 1940 2232 2038 triumphavit.
2268 1943 2423 2012 Hoc
2449 1940 2597 2012 bel-

459 2047 611 2118 lum
656 2073 697 2119 a
738 2049 1164 2121 consulibus
1203 2050 1592 2138 bellatum,
1636 2051 1933 2149 quidam
1977 2066 2308 2124 auctores
2349 2064 2519 2122 sunt
2538 2061 2596 2140 ⁷,

458 2183 732 2255 eosque
766 2159 857 2231 de
892 2160 1332 2232 Samnitibus
1362 2159 1845 2258 triumphasse
1878 2188 1893 2231 z
1936 2160 2233 2232 Fabium
2270 2162 2484 2231 etiam
2516 2161 2596 2230 in

462 2270 795 2366 Apuliam
817 2272 1247 2367 processisse
1261 2325 1279 2358 ‚
1302 2286 1523 2366 atque
1545 2270 1713 2341 inde
1733 2295 2030 2369 magnas
2050 2267 2321 2367 praedas
2340 2269 2591 2362 egisse.

557 2385 703 2449 XL.
741 2384 891 2451 Nec
930 2380 1283 2477 discrepat
1310 2393 1363 2467 ¹,
1397 2383 1581 2479 quin
1623 2380 1929 2452 dictator
1965 2406 2052 2451 eo
2087 2403 2280 2448 anno
2314 2382 2398 2448 A.
2428 2380 2601 2447 Cor·

462 2488 698 2559 nelius
758 2487 993 2559 fuerit.
1063 2489 1148 2559 Id
1213 2489 1644 2588 ambigitur,
1708 2490 1975 2562 belline
2035 2487 2332 2586 gerendi
2390 2510 2599 2557 causa

465 2613 748 2670 creatus
786 2599 912 2687 sit3
958 2624 1050 2670 an
1095 2615 1177 2671 ut
1211 2616 1438 2691 esset,
1488 2604 1616 2699 qui
1662 2602 1852 2673 ludis
1899 2600 2254 2686 romanis,
2301 2598 2472 2694 quia
2511 2601 2592 2667 L.

461 2710 780 2782 Plautius
833 2728 1100 2810 praetor
1152 2716 1347 2811 gravi
1401 2714 1665 2786 morbo
1724 2712 1908 2785 forte
1964 2712 2354 2810 implicitus
2408 2722 2595 2796 erat,

462 2825 748 2922 signum
810 2823 1179 2896 mittendis
1239 2825 1609 2923 quadrigis
1662 2825 1868 2896 daret
1888 2835 1947 2914 ²,
2014 2823 2452 2918 functusque
2506 2841 2595 2889 eo

535 3024 583 3073 5.
613 3022 808 3071 Brutuli
827 3023 975 3086 Papii
1010 3040 1028 3070 .·
1064 3040 1127 3071 an
1161 3024 1288 3072 forte
1320 3025 1488 3074 Mutila·

462 3102 611 3167 Papii
622 3109 649 3149 :²
674 3113 728 3149 ut
753 3103 1040 3165 progenitor
1063 3103 1209 3151 fuerit
1232 3104 1483 3152 clarissimi

460 3183 592 3232 illius
612 3182 893 3231 Italicorum
915 3182 1054 3230 ducis
1073 3183 1125 3230 in
1142 3183 1274 3231 bello
1288 3185 1457 3233 sociali
1469 3220 1484 3244 ,

464 3279 548 3311 seu
566 3262 812 3310 Marsico?
830 3262 910 3311 Ad
925 3279 1061 3326 seqq.
1076 3263 1245 3311 confer
1265 3264 1483 3328 Appian.

466 3344 628 3390 Saum.
649 3343 768 3389 Exc.
791 3350 823 3397 4
840 3377 855 3399 ,
882 3354 932 3389 et
956 3342 1131 3391 Dionis
1158 3343 1291 3390 Cass.
1314 3343 1482 3407 fragm.

469 3423 586 3478 143,
603 3432 723 3467 tom.
744 3423 794 3479 Ι,
812 3436 923 3486 pag.
941 3422 1033 3483 59,
1052 3421 1131 3471 ed.
1150 3422 1308 3470 Reim.
1332 3422 1485 3488 (apud

464 3500 628 3549 UrsIn.
658 3501 816 3564 Iv,p.
843 3500 997 3560 374.)

481 3611 488 3616 -
533 3581 582 3626 6.
601 3579 949 3626 Pmaeimarum
968 3579 1272 3628 induciarum
1294 3591 1481 3642 ruptor,

468 3659 637 3707 confer
657 3674 763 3722 cap.
784 3660 843 3719 37
873 3675 948 3724 pr.
972 3660 1104 3707 Hinc
1123 3674 1267 3723 supra
1288 3658 1486 3722 impiam

469 3739 642 3785 bellum
666 3736 847 3785 dicitur
873 3748 921 3783 ec
945 3748 1116 3785 contra
1129 3736 1298 3801 foedus
1329 3753 1486 3785 susce-

457 3828 613 3879 ptum.
639 3843 689 3853 --
730 3818 969 3864 Praetores
989 3817 1291 3870 Samnitium.

540 3911 587 3954 7.
613 3893 822 3956 Quidam
843 3907 1064 3943 auctores
1085 3906 1223 3951 sunt,
1253 3906 1346 3943 etc.
1374 3912 1424 3943 v.
1439 3911 1484 3944 c.

467 3972 771 4021 Aurel.Vict.
784 3975 847 4019 V.
871 3976 922 4033 1,
948 3975 1009 4022 32
1024 4008 1039 4031 ,
1066 3975 1176 4022 fasti
1202 3974 1414 4040 Capitol.
1435 3985 1487 4022 ot

467 4050 705 4097 columnae
720 4052 1001 4116 triumphal.
1030 4054 1173 4103 Conf.
1192 4054 1331 4117 Pigh.
1355 4055 1487 4102 Ann.

465 4128 527 4178 ad
554 4142 735 4174 annum
770 4130 885 4180 431.

1645 3026 1767 3075 Cu.
1792 3025 1900 3072 xt..
1938 3040 1981 3071 1.
2023 3025 2127 3071 Nec
2149 3023 2392 3086 discrepat
2413 3018 2597 3067 seilicet

1574 3104 1702 3151 inter
1725 3114 1982 3159 auctores;
2010 3103 2124 3149 vide
2146 3101 2208 3149 ad
2230 3103 2303 3148 lx
2322 3133 2336 3157 ‚
2364 3101 2424 3146 16
2441 3132 2457 3157 ‚
2480 3115 2529 3146 n.
2551 3112 2596 3144 1.

1573 3183 1671 3233 Alii
1695 3182 1974 3247 discrepant
1987 3199 2005 3229 .·
2028 3192 2250 3229 nostrum
2279 3178 2490 3226 latinius.

1645 3279 1694 3310 2.
1712 3262 1910 3328 Signum
1929 3259 2170 3309 mittendis
2188 3257 2440 3323 quadrigis
2458 3256 2602 3303 daret

1574 3358 1779 3407 mappa,
1816 3357 1843 3389 e
1871 3342 1985 3390 loco
2025 3354 2172 3404 supra
2203 3352 2421 3385 carceres
2457 3333 2598 3410 (vide

1574 3423 1679 3488 Cic.
1700 3421 1761 3470 de
1782 3421 1896 3470 Div.
1917 3423 1969 3478 1,
1999 3418 2097 3483 58)
2113 3453 2128 3476 ‚
2167 3417 2298 3464 unde
2337 3412 2599 3463 escendisse

1573 3502 1730 3559 XLV,
1759 3517 1804 3548 1.
1829 3500 2011 3549 Confer
2029 3498 2093 3546 ad
2109 3495 2424 3547 Juvenal.xl
2440 3528 2454 3551 ‚
2483 3506 2598 3554 1913

1576 3582 1708 3628 Suet.
1737 3580 1853 3627 Ner.
1880 3579 2060 3636 xxm
2097 3576 2309 3625 Martial.
2341 3575 2472 3632 XII,
2502 3585 2595 3632 293

1575 3659 1783 3721 Quintil.
1808 3661 1831 3705 1
1850 3692 1867 3718 ‚
1899 3658 1955 3717 5,
1988 3656 2020 3722 S
2041 3657 2099 3716 57
2122 3672 2137 3713 ς
2166 3654 2407 3703 Columna
2427 3652 2489 3699 ad
2509 3652 2600 3698 En·

1575 3736 1713 3785 nium
1734 3753 1846 3803 pag.
1875 3752 1938 3783 aa
1962 3753 1976 3795 3
2022 3735 2215 3784 Ruben.
2242 3733 2395 3781 Elect.
2421 3733 2473 3787 1,
2501 3730 2597 3788 303

1576 3819 1781 3864 Panvin.
1806 3816 1868 3863 de
1893 3814 2024 3864 ludis
2049 3815 2167 3862 circ.
2195 3815 2249 3869 1,
2281 3818 2373 3869 143
2399 3808 2600 3873 Buleng.

1577 3894 1639 3942 dc
1674 3896 1821 3943 Circo
1849 3912 1956 3959 cap.
1994 3894 2084 3952 163
2131 3892 2332 3940 Salmas.
2354 3888 2420 3936 ad
2441 3887 2600 3936 Solin.

1579 3989 1690 4038 pag.
1716 3974 1849 4034 6473
1887 3971 2130 4019 mittendis
2158 3969 2343 4018 scilicet
2368 3969 2422 4016 in
2449 3978 2602 4015 certa·

1580 4068 1718 4110 men,
1767 4069 1877 4100 voe.
1919 4067 2088 4118 propr.
2134 4050 2195 4097 «le
2238 4048 2383 4096 variis
2424 4043 2600 4094 ludicri

1582 4131 1809 4179 circensis
1838 4131 2112 4195 generibus.
2133 4131 2214 4180 Sic
2234 4126 2383 4175 semel
2398 4121 2600 4187 quadri-
