3000 4717
2348 384 2396 420 A.
2425 387 2471 424 C.
2504 384 2596 424 35⁸.

529 411 668 495 354
1372 412 1449 475 T.
1517 406 1796 476 LIVII
2353 442 2472 484 uc.
2504 446 2596 496 394-

525 537 602 603 in
644 532 887 602 medio
930 531 1224 613 armati,
1270 527 1659 626 spectaculi
1694 524 1918 621 magis
1953 547 2192 611 more,
2232 548 2453 619 quam
2489 524 2649 620 lege

524 642 737 729 belli,
782 641 1307 723 destituuntur,
1364 655 1827 734 nequaquam
1869 635 2027 704 visu
2067 657 2147 705 ac
2184 635 2431 730 specie·
2461 637 2650 705 aesti-

524 750 889 822 mantibus
931 773 1162 847 pares.
1196 752 1478 844 Corpus
1519 746 1733 816 alteri·
1754 743 2246 840 magnitudine
2271 745 2647 846 eximium,

524 861 939 934 versicolori
986 873 1182 929 veste
1230 858 1587 955 pict-isque
1634 869 1706 924 et
1755 877 1930 923 auro
1974 852 2231 923 caelatis
2285 851 2649 948 refulgens

527 968 785 1043 armis3
817 997 833 1039 ε
867 967 1103 1039 media
1123 969 1206 1036 in
1250 967 1477 1037 altero
1515 964 1837 1034 militaris
1852 976 2174 1049 statura,
2215 962 2651 1057 modicaque

524 1085 602 1153 in
636 1081 850 1152 armis
888 1076 1251 1149 habilibus
1290 1075 1517 1172 magis
1560 1096 1779 1170 quam
1824 1072 2103 1172 decoris
2143 1072 2437 1168 species.
2478 1076 2648 1142 Non

527 1205 779 1263 cantus
797 1245 816 1276 ‚
859 1201 1010 1259 non
1043 1185 1431 1257 exsultatio
1451 1238 1470 1272 ‚
1515 1206 2027 1277 armorumque
2066 1183 2355 1279 agitatio
2391 1205 2571 1252 vana
2589 1184 2647 1270 4,

526 1298 652 1372 sed
687 1314 942 1396 pectus
983 1298 1388 1369 animorum
1420 1295 1689 1390 iraeque
1726 1293 1953 1364 tacitae
1990 1293 2649 1389 plenumqfomnem

530 1410 867 1481 ferociam
923 1410 1000 1478 in
1060 1408 1442 1477 discrimen
1496 1406 1737 1501 ipsum
1793 1403 2200 1473 certaminis
2250 1402 2646 1473 distulerat.

528 1519 673 1593 Ubi
710 1520 1094 1590 constitere
1141 1519 1332 1587 inter
1374 1515 1551 1585 duas
1595 1515 1780 1585 acies
1797 1568 1816 1601 ‚
1857 1527 1966 1584 tot
2009 1515 2194 1583 circa
2235 1512 2649 1582 mortalium

527 1629 780 1698 animis
818 1652 945 1724 spe
977 1642 1324 1723 metuque
1357 1624 1849 1722 pendentibus
1867 1619 1920 1708 ⁵,
1954 1623 2238 1710 GalluS,
2273 1622 2468 1693 velut
2502 1647 2652 1693 mo—

528 1736 630 1807 les
667 1761 979 1833 superne
1016 1737 1435 1821 imminem,
1474 1735 1801 1831 projecto
1837 1732 2006 1804 laeva
2041 1747 2283 1820 scuto,
2327 1735 2403 1802 in
2440 1731 2650 1803 adve-

529 1847 795 1917 nientis
829 1871 1026 1917 arma
1057 1846 1286 1917 hostis
1311 1853 1580 1915 vanum
1612 1845 1850 1914 caesim
1893 1867 2059 1914 eum
2089 1844 2369 1941 ingenti,
2400 1843 2652 1912 sonitu

529 1958 1090 2054 ensem'dejecit.
1131 1963 1549 2044 RonlanuS‚⁴
1572 1979 1924 2025 mucrone
1961 1952 2301 2024 subrecto
2321 1950 2377 2040 ⁶,
2420 1975 2663 2047 quum‘

527 2179 632 2236 IX,
664 2192 684 2221 1
697 2178 725 2224 3
738 2211 753 2235 ‚
781 2177 830 2224 in
851 2176 954 2239 ipso
965 2187 1119 2238 ponte
1140 2175 1438 2230 consistunt,
1461 2172 1548 2222 ubi

532 2256 704 2303 Gallus
730 2270 782 2301 se
808 2254 1093 2301 constituere
1116 2253 1299 2308 studet,
1326 2263 1373 2298 et
1401 2253 1546 2297 Man-

530 2333 621 2379 lius
644 2332 707 2379 de
726 2333 831 2379 Ioco
849 2331 1088 2377 hominem
1107 2329 1294 2394 dejecit.
1316 2329 1459 2376 Conf.
1482 2327 1546 2375 ad
1588 2359 1593 2366 ·

1634 2174 1755 2221 Met.
1777 2175 1826 2231 1,
1854 2174 1978 2231 166,
1996 2176 2218 2238 Ingentes
2238 2172 2451 2229 animos,
2476 2171 2653 2236 dignas

1634 2254 1750 2297 Jove
1773 2252 1986 2315 concipit
2008 2252 2121 2298 iras.
2149 2254 2223 2299 Ita
2243 2252 2373 2298 enim
2392 2249 2654 2314 legendum
2702 2287 2705 2290 .

1633 2329 1825 2376 monuit
1857 2331 2021 2377 Burm.
2056 2340 2104 2377 et
2131 2330 2320 2378 animos
2343 2345 2434 2393 per
2459 2329 2655 2375 iracun-

528 2412 604 2468 11,
636 2426 724 2466 10,
749 2426 799 2456 ιι.
826 2425 871 2468 7.
897 2433 969 2445 —-
991 2411 1053 2455 In
1073 2408 1233 2458 medio
1256 2406 1443 2460 armati
1460 2406 1544 2453 de·

527 2488 814 2543 stituuntur,
852 2486 966 2532 vide
992 2485 1056 2532 ad
1081 2488 1156 2542 11,
1190 2501 1282 2543 ια,
1312 2502 1378 2531 ιι.·
1399 2494 1446 2539 4.
1474 2512 1546 2520 -

528 2558 897 2612 AEstima'neibus
920 2579 999 2611 eos
1008 2580 1160 2627 pares
1180 2551 1487 2611 videbantur.

600 2645 647 2691 3.
674 2642 964 2690 VersicoIon'
979 2653 1113 2689 veste
1134 2642 1278 2708 (vide
1299 2643 1547 2701 XXXIV,

535 2738 586 2783 1,
611 2738 663 2769 n.
692 2719 756 2785 3)
785 2720 1030 2785 pictisque
1035 2746 1064 2778 ‚·
1088 2731 1222 2769 auro·
1250 2732 1551 2783 argentoque

530 2800 772 2850 distinctis
783 2833 799 2858 ‚
810 2799 892 2848 vel
908 2816 1032 2848 auro
1047 2800 1232 2848 coelatis
1245 2799 1422 2856 armis,
1441 2815 1553 2846 ann-

525 2879 751 2946 glyphis,
775 2878 957 2942 quibus
985 2879 1170 2942 illigata
1199 2889 1337 2928 erant
1367 2878 1555 2928 emble-

526 2970 653 3007 mata
691 2968 775 3005 aut
812 2955 979 3020 figurae
1019 2958 1287 3006 eminentes
1301 2990 1315 3014 ,
1347 2972 1432 3004 seu
1468 2973 1550 3003 ex·

525 3048 722 3086 stantes.
748 3035 825 3084 Cf.
849 3038 1013 3100 Heyn.
1034 3035 1260 3099 acl-Vicg.
1281 3036 1546 3092 AEn.v111,

528 3116 657 3172 588,
687 3125 736 3161 et
761 3112 917 3176 antiq.
941 3111 1210 3178 Αιςθδεω,
1233 3113 1306 3161 Pl.
1331 3115 1412 3171 ΙΙ,
1433 3127 1544 3176 pag.

534 3193 630 3248 145
661 3208 734 3254 sq.
1180 3229 1186 3236 ,

596 3279 650 3326 4.
670 3270 788 3318 Non
804 3281 1001 3325 cantus,
1024 3285 1122 3316 non
1144 3268 1434 3325 exsultatio,
1464 3284 1547 3318 ar-

526 3363 809 3411 morumque
843 3346 1052 3410 agitatio
1085 3362 1232 3406 vana
1245 3379 1261 3400 ‚
1302 3346 1516 3394 vibratio
1530 3379 1545 3403 ,

526 3430 769 3492 quassatio
787 3436 839 3474 et
858 3424 1057 3473 collisu·
1072 3423 1237 3487 clypei
1256 3440 1368 3471 cum
1383 3425 1523 3473 hasta
1533 3457 1547 3484 ,

529 3522 629 3570 qno
655 3515 707 3552 et
735 3503 909 3550 moes
942 3512 1175 3550 terrorem
1214 3502 1432 3550 incutere
1468 3519 1548 3552 so-

527 3586 631 3633 lent
657 3581 801 3648 (vide
822 3579 887 3628 ad
911 3580 998 3632 Sil.
1026 3581 1128 3637 IX,
1153 3582 1282 3637 4233
1306 3573 1357 3627 et
1379 3584 1547 3646 Heyn.

530 3664 594 3711 ad
606 3663 746 3725 Virg.
762 3660 1028 3716 Ain-VIII,
1053 3656 1207 3723 354),
1233 3671 1284 3708 et
1304 3661 1447 3709 Galli.
1472 3661 1548 3710 Cf.

528 3743 655 3799 VII,
685 3738 751 3786 26
771 3754 854 3801 pr.
885 3747 935 3783 et
961 3738 1268 3797 XXXVIII,
1303 3754 1361 3799 ις
1389 3755 1542 3802 μ’.-

530 3820 701 3865 Pectus
734 3814 1008 3863 animorum
1042 3814 1222 3879 iraque
1256 3817 1420 3866 tacitoe
1440 3818 1559 3880 ple-.

531 3910 675 3950 num5
704 3894 977 3942 animosum
1007 3904 1128 3941 vett.
1163 3893 1275 3941 edd.
1305 3911 1460 3957 usque
1486 3895 1559 3946 ad.

531 3971 862 4018 Frobennium
883 4004 898 4028 ‚
954 3972 1073 4032 qui,
1130 3973 1550 4026 ‚consentientibus

531 4048 750 4109 scriptis,
785 4048 1058 4094 animorum
1085 4049 1226 4095 Livio
1253 4050 1546 4110 vindicavit3

534 4123 720 4174 animos
761 4134 809 4170 et
849 4124 975 4170 iram
1009 4125 1174 4188 jungit
1215 4128 1361 4176 etiam
1399 4129 1547 4178 ovid.

1634 2408 1762 2456 diam
1789 2411 2034 2474 exposuit.
2061 2411 2149 2457 En.
2165 2435 2235 2445 —-
2252 2409 2424 2458 Gallus
2454 2424 2545 2454 sua
2574 2407 2657 2454 di-

1632 2487 1839 2551 sciplina
1885 2500 2018 2535 scuto
2052 2487 2275 2552 projecto
2315 2484 2654 2534 cantabundus

1633 2566 1765 2629 apud
1782 2565 1907 2614 Geli.
1924 2568 1999 2613 IX
2010 2600 2025 2624 ‚
2046 2583 2067 2612 1
2080 2568 2125 2614 3.
2136 2565 2480 2613 —Discrimen
2499 2564 2655 2627 ipsam

1635 2645 1912 2692 certaminis
1924 2680 1939 2701 ,
1958 2643 2074 2692 vide
2092 2643 2155 2691 ad
2172 2646 2246 2691 VJ
2257 2680 2271 2703 ‚
2297 2661 2317 2690 1
2329 2660 2377 2703 7,
2395 2661 2445 2691 n.
2471 2658 2515 2690 1.

1708 2724 1756 2771 5.
1780 2723 1973 2771 Animis
1983 2739 2067 2786 spe
2078 2735 2301 2786 metuque
2303 2721 2652 2786 pendentibus,

1637 2802 1752 2851 vide
1785 2802 1848 2849 ad
1889 2804 1966 2859 11,
2004 2802 2097 2860 32,
2135 2818 2185 2848 ιι.
2216 2802 2264 2849 5.
2295 2828 2367 2838 --
2397 2800 2654 2865 Proiecto,
2720 2797 2731 2808 '

1636 2892 1871 2944 protento
1894 2892 1942 2928 et
1970 2879 2168 2940 objecto
2180 2913 2194 2938 ,
2214 2880 2334 2927 laeva
2353 2896 2498 2927 manu
2516 2889 2656 2925 scuto

1636 2959 1823 3022 ingenti
1834 2991 1850 3016 ‚
1869 2958 2039 3006 dextra
2052 2973 2210 3005 ensem
2223 2957 2419 3023 dejecit,
2440 2956 2656 3020 gladium

1635 3038 1908 3101 longiorem
1936 3037 2307 3100 gravioremque
2318 3039 2337 3095 ,“
2364 3051 2463 3099 qno
2490 3035 2657 3083 e'aesn‘m

1633 3115 1956 3179 pugnabatur.
1983 3115 2058 3163 Cf.
2081 3125 2185 3162 not.
2211 3122 2259 3169 4.
2450 3155 2459 3162 ,

1705 3195 1755 3241 6.
1768 3195 2031 3249 Romanus,
2055 3210 2282 3240 mucrone
2296 3192 2491 3256 hispani
2503 3192 2659 3255 gladii

1633 3272 1876 3328 subrecto,
1905 3282 2092 3330 erecto,
2110 3273 2298 3320 elevato
2326 3272 2409 3336 (ut
2432 3271 2657 3317 subrecta

1635 3349 1993 3414 cuspideVIII„
2021 3352 2049 3397 8
2061 3384 2076 3406 ,
2095 3350 2183 3398 ubi
2199 3350 2254 3398 in
2265 3350 2512 3415 plerisque
2525 3349 2655 3394 MSS

1634 3430 1882 3479 suberecta
1906 3429 2135 3492 legitur),
2164 3441 2381 3477 ventrem
2405 3438 2555 3491 atque
2576 3427 2671 3474 in·-

1632 3507 1788 3570 gtu'na
1808 3508 1939 3556 Galli
1960 3506 2146 3564 hausit,
2169 3519 2224 3555 ut
2246 3508 2378 3572 apud
2401 3507 2525 3555 Gen.
2546 3508 2652 3564 IX,

1645 3587 1732 3644 13,
1762 3586 1936 3650 gladio
1973 3585 2222 3649 hispamo
2252 3598 2423 3649 pectus
2458 3584 2649 3640 hausit,

1636 3664 1687 3714 h.
1716 3681 1759 3711 e.
1786 3664 2088 3721 vulneravit,
2121 3664 2408 3723 transfodit3
2452 3664 2654 3729 proprie

1639 3741 1800 3805 gladio
1838 3757 1865 3790 e
1902 3752 2102 3806 pectore
2134 3743 2418 3807 sanguinem
2455 3742 2646 3797 hausit,

1639 3831 1694 3870 ut
1718 3822 1844 3878 vn,
1877 3828 1972 3878 243
2007 3823 2112 3879 IX,
2155 3837 2176 3866 1
2209 3834 2334 3870 extr.
2366 3833 2417 3870 et
2453 3821 2647 3888 ἀφύειν,

1638 3917 1727 3949 seu
1745 3899 1973 3967 ἀφύσσων
1996 3891 2122 3966 αἷμα.
2146 3901 2298 3958 τινὸς,
2321 3903 2453 3950 unde
2468 3899 2651 3965 χαλκὸς

1640 3978 1808 4046 ἔντερα
1826 3972 2030 4044 διήφυσε
2048 3975 2181 4041 apud
2193 3982 2484 4037 Homerum,
2504 3978 2650 4025 Iliad.

1637 4057 1792 4112 XIII,
1818 4056 1948 4114 5073
1976 4057 2118 4113 XIV,
2144 4056 2274 4116 5173
2301 4067 2352 4103 et
2373 4051 2496 4103 ehsis
2521 4057 2652 4104 latus

1637 4131 1805 4181 haun't
1828 4133 1962 4198 apud
1982 4134 2155 4199 Virga.
2172 4136 2285 4183 AEn.
2311 4138 2384 4191 ΙΙ,
2410 4136 2534 4192 600,
2560 4135 2651 4182 ubi
