3000 4717
2359 372 2408 409 A.
2432 370 2483 411 C.
2510 375 2595 420 392.

532 413 666 484 ¹7⁰
1373 393 1453 458 T·
1520 390 1797 458 LIVII
2348 430 2475 474 uc.
2503 436 2597 477 ³6..

615 498 872 579 XXIV.
911 509 1103 579 Veiis
1128 510 1352 607 captis
1369 564 1389 599 ‚
1430 534 1556 581 sex
1584 510 1918 583 tribunos
1944 511 2256 585 militum
2285 519 2649 593 consulari

515 632 873 718 potestate
908 619 1297 717 insequens
1322 645 1561 713 annus«
1586 619 1874 710 habuit,
1906 621 2088 694 duos
2114 627 2191 693 P.
2227 628 2639 720 Cornelios,

515 735 820 803 Cossum
851 745 922 803 et
939 732 1352 829 Scipionem
1375 786 1394 819 ‚
1427 733 1902 805 M.Valerium
1928 735 2315 807 Maximum
2344 737 2643 831 iterum,

517 847 606 915 K.
625 842 925 915 Fabium
946 843 1379 919 Ambustum
1402 846 1730 934 tertium,
1754 851 1831 921 L.
1855 845 2145 921 Furium
2169 848 2650 923 Medullinum

518 956 890 1052 quintum,
912 957 1002 1045 Q.
1020 953 1398 1027 Servilium
1413 957 1740 1033 tertium.
1764 955 2117 1031 Corneli-is
2142 954 2466 1033 faliscmn
2489 959 2647 1033 bel·

514 1064 668 1139 lum
686 1120 704 1154 ‚
723 1066 1009 1141 Valerio
1055 1091 1138 1135 ac
1173 1065 1471 1137 Servilio
1515 1070 1841 1164 Capenas
1884 1081 2079 1139 sorte
2123 1069 2398 1156 'evenit3
2438 1068 2534 1145 ab
2565 1071 2650 1142 iis

516 1200 672 1250 non
707 1177 922 1251 urbes
952 1178 1024 1248 vi
1057 1192 1183 1249 aut
1226 1176 1573 1274 operibus
1607 1188 1970 1267 tentatae¹‚
2012 1177 2137 1251 sed
2171 1204 2339 1276 ager
2370 1195 2479 1253 est
2519 1181 2649 1253 de-

512 1289 904 1385 populatus
932 1345 951 1373 ‚
1000 1287 1404 1388 praedaeque
1455 1312 1700 1359 rerum
1742 1290 2127 1385 agrestium
2166 1305 2387 1379 actae3
2448 1291 2653 1365 nulla

510 1395 681 1469 felix
712 1399 961 1487 arbor,
1005 1398 1188 1471 nihil
1224 1396 1649 1496 frugiferum
1682 1399 1759 1471 in
1786 1423 1963 1495 agro
1990 1399 2345 1472 relictum.
2377 1406 2478 1481 Ea
2500 1401 2651 1474 cla-

518 1506 644 1579 des
661 1522 1079 1605 capenatem
1110 1508 1466 1606 populum
1497 1508 1814 1606 subegit3
1844 1533 1984 1605 pax
2008 1508 2439 1606 *petentibus
2467 1512 2646 1582 data.

516 1621 602 1687 In
638 1618 924 1689 Faliscis
954 1616 1230 1693 bellum
1271 1619 1612 1693 restabat.
1661 1626 1907 1693 Romae
1948 1622 2239 1707 interim
2271 1624 2651 1722 multiplex

515 1727 772 1799 seditio
800 1743 953 1799 erat
976 1756 992 1798 ε
1019 1728 1137 1823 cuj
1146 1754 1231 1801 us
1248 1729 1606 1802 leniendae
1619 1755 1838 1805 causa
1859 1731 2219 1803 coloniam
2236 1734 2314 1807 in
2323 1731 2651 1819 Volscos,

514 1862 662 1935 quo
696 1840 833 1909 tria
871 1838 1094 1911 millia
1125 1839 1388 1910 civium
1424 1856 1899 1913 romanorum
1929 1840 2490 1931 scriberentur·²‚
2521 1840 2649 1912 de·

512 1949 919 2021 ducendam
950 1963 1381 2022 censuerant
1408 1977 1424 2018 z
1455 1950 1963 2048 triumvirique
1988 1952 2179 2023 adid
2205 1954 2425 2025 creati
2444 1967 2651 2023 terna

510 2060 765 2157 jugera
782 2075 854 2130 et
871 2075 1255 2157 septunces
1273 2060 1542 2128 viritim
1563 2058 1974 2130 diviserant.
1988 2066 2086 2130 Ea
2106 2060 2389 2157 largitio
2410 2062 2652 2160 sperni

516 2183 784 2267 coepta,
805 2172 974 2267 quia
998 2171 1151 2268 spei
1168 2171 1459 2264 majoris
1483 2168 1889 2239 avertendae
1913 2170 2248 2239 solatium
2276 2170 2652 2265 objectum

512 2278 907 2353 censebant
933 2276 986 2367 ἒ.
1040 2284 1189 2350 Cur
1241 2280 1432 2350 enim
1486 2278 1789 2376 relegari
1841 2276 2133 2377 plebem
2193 2280 2270 2355 in
2310 2278 2616 2352 Volscos
2634 2336 2652 2370 ,

511 2413 739 2484 quum
785 2390 1269 2485 pulcherrima
1319 2389 1495 2467 urbs
1531 2390 1688 2459 Veii
1734 2378 2050 2487 agerque
2094 2391 2519 2462 veientanus
2576 2393 2654 2461 in

510 2513 904 2595 conspectu
919 2500 1031 2587 sit,
1047 2497 1343 2570 uberior
1358 2500 1812 2598 ampliorque
1828 2525 2132 2573 romano
2151 2527 2322 2601 agro
2333 2502 2363 2571 ἶ)
2375 2499 2653 2573 Urbem

510 2632 808 2704 quoque
834 2607 1001 2683 urbi
1033 2615 1281 2689 Romae
1298 2665 1319 2700 ,
1348 2610 1462 2682 vel
1501 2612 1642 2682 situ
1659 2667 1679 2701 ,
1706 2612 1822 2684 vel
1853 2611 2391 2711 magnificentia
2419 2611 2652 2709 publi-

513 2743 766 2790 corum
803 2721 1398 2818 privatorumque
1436 2734 1800 2791 tectorum
1838 2746 1920 2793 ae
1959 2722 2320 2811 locorum,
2364 2744 2651 2821 praepo-

507 2916 550 2947 e.
576 2899 641 2961 ii,
662 2898 748 2963 qui
759 2911 1058 2947 mererentur
1071 2934 1086 2959 ,
1104 2909 1161 2947 ut
1177 2915 1350 2964 pacem
1371 2899 1529 2963 impe·

506 2989 708 3028 trarent.
733 2980 916 3029 Confer
937 2981 1091 3027 Gron.
1116 2979 1264 3026 Obss.
1286 2981 1361 3026 III
1377 3015 1391 3039 ,
1422 2980 1470 3025 8.

575 3058 697 3106 Cu·-
721 3060 916 3106 xxlv.
948 3074 991 3106 1.
1019 3058 1165 3104 Urbes
1187 3058 1245 3104 υἱ
1262 3069 1351 3104 auc
1370 3056 1527 3120 operi-

506 3137 591 3183 bus
610 3148 808 3184 tentata·
820 3171 835 3193 ,
866 3138 1036 3184 confer
1057 3136 1121 3183 ad
1147 3152 1255 3200 cap.
1284 3151 1347 3182 22
1363 3169 1378 3193 ‚
1402 3152 1453 3182 n.
1475 3137 1524 3182 6.

506 3240 579 3250 --
602 3214 743 3261 Felix
760 3216 932 3270 arbor,
971 3216 1086 3263 vide
1106 3216 1170 3262 ad
1197 3218 1221 3262 1
1238 3251 1252 3274 ‚
1280 3217 1375 3273 26,
1401 3231 1453 3262 n.
1475 3215 1525 3262 6.

505 3320 577 3329 --
590 3295 670 3339 Εα
686 3293 851 3340 clades
876 3306 1160 3358 capenacem
1168 3294 1407 3357 populum
1424 3294 1529 3340 sub-

508 3372 632 3438 egie;
650 3371 809 3419 codex
830 3389 957 3419 unus
968 3373 1269 3436 Caperlatam
1272 3373 1527 3436 populum.

508 3453 590 3499 An
607 3451 767 3499 voluit
781 3448 1009 3498 librat-ins
1023 3486 1037 3510 ,
1058 3452 1221 3515 inquit
1233 3451 1382 3498 Drak.
1396 3486 1409 3508 ,
1435 3452 1531 3499 Ca·

498 3530 752 3596 penatium
770 3530 1039 3594 populum?
1055 3531 1184 3579 Nam
1203 3531 1270 3579 ita
1288 3546 1426 3578 casus
1445 3547 1534 3595 pa-

507 3613 630 3677 trius
673 3626 878 3657 numero
922 3608 1251 3658 multitudinis
1294 3610 1533 3657 formatur

473 3696 490 3707 ⁹
507 3706 654 3755 supra
678 3689 776 3737 hoc
799 3688 887 3737 lib.
912 3705 1017 3754 cap.
1053 3690 1100 3737 8.
1132 3687 1437 3736 Praeferimus
1469 3700 1533 3735 ta-

505 3786 619 3816 men
638 3770 886 3833 vulgatum
898 3806 912 3829 ,
929 3785 1034 3816 non
1051 3768 1202 3817 modo
1222 3769 1335 3832 quia
1358 3767 1412 3815 id
1427 3779 1533 3815 tue-

503 3859 588 3895 tur
630 3848 928 3911 reliquorum
966 3860 1195 3896 constans
1232 3863 1498 3896 consensus
1514 3881 1530 3906 ‚

503 3942 674 3973 verum
701 3928 845 3973 etiam
863 3928 1000 3991 quod
1023 3928 1214 3976 Livium
1236 3944 1386 3991 genus
1405 3926 1529 3974 illud

504 4003 740 4066 loquendi
759 4008 970 4067 populus
999 4006 1316 4071 Capenatium
1330 4041 1345 4063 ‚
1366 4023 1529 4070 popu·

509 4082 581 4128 Ius
605 4083 933 4129 Romanor-um
954 4100 1211 4148 usurpasse
1238 4100 1340 4132 non
1360 4085 1530 4132 memi-

506 4159 735 4207 nerimus.
755 4159 845 4206 En.

1690 2916 1741 2948 a.
1779 2902 1840 2946 In
1872 2901 2066 2948 Volscos
2103 2919 2122 2948 .·
2163 2917 2261 2963 quo
2280 2900 2383 2952 ‚cria
2403 2899 2563 2946 millia
2582 2933 2594 2945 .
2607 2933 2620 2945 .
2635 2933 2648 2945 .

1615 2977 1962 3034 scriberentur,
1987 2978 2102 3025 vide
2125 2978 2188 3025 ad
2205 2980 2295 3037 IV,
2316 2992 2373 3023 11
2395 3010 2409 3035 ,
2432 2993 2483 3023 n.
2508 2978 2556 3024 3.
2578 3004 2649 3014 --

1620 3055 2087 3103 CensuerancPatres
2099 3091 2111 3102 .
2127 3092 2139 3103 .
2154 3091 2166 3102 .
2179 3054 2415 3102 triumviri
2425 3054 2445 3119 (
2455 3054 2571 3106 vide
2586 3055 2650 3103 ad

1617 3135 1695 3181 111
1707 3168 1722 3192 ,
1740 3150 1761 3180 1
1781 3168 1796 3193 ,
1812 3134 1941 3198 n.6)
1966 3143 2105 3183 lev-na
2114 3134 2297 3199 jugera
2315 3144 2365 3181 et
2379 3145 2645 3198 septunces,

1618 3224 1805 3277 septem
1827 3224 1991 3278 partes
2014 3213 2202 3277 jugeri,
2228 3208 2280 3278 ᾖ
2312 3212 2547 3278 (proprie
2572 3223 2650 3261 tot

1624 3293 1794 3340 uncias
1818 3292 1937 3340 assis
1966 3307 1979 3341 ε
2007 3309 2120 3343 nam
2146 3292 2211 3340 ad
2235 3292 2438 3341 medum
2469 3304 2519 3341 et
2543 3293 2648 3340 xl!

1623 3371 1791 3419 uncias
1827 3372 1946 3419 assis
1973 3372 2119 3421 etiam
2147 3371 2441 3421 hereditates
2465 3381 2514 3419 et
2540 3371 2648 3421 alie

1625 3466 1702 3498 res
1725 3450 2098 3510 dividebantur,
2122 3469 2273 3515 quum
2299 3449 2648 3516 percommode

1623 3541 1749 3578 esset
1760 3531 1815 3579 in
1833 3531 2286 3596 computationibus
2302 3531 2455 3579 totius
2477 3530 2530 3577 in
2542 3530 2649 3576 ΧΠ

1619 3621 1785 3673 partes
1804 3609 2140 3676 distributio),
2158 3611 2344 3658 viritim
2356 3609 2645 3665 diviserant,

1621 3689 1719 3737 hoc
1743 3701 1816 3737 est
1847 3690 2071 3738 dividere
2094 3690 2372 3747 voluerant,
2402 3687 2648 3735 divisuros

1621 3784 1672 3815 se
1687 3771 2060 3829 constituerant,
2075 3785 2160 3816 seu
2173 3768 2496 3832 promiserant
2508 3781 2521 3815 ε
2535 3782 2647 3813 nm

1621 3864 1681 3894 ea
1718 3849 1913 3913 largitio
1951 3848 2114 3912 sperni
2137 3857 2296 3910 σῶμα
2311 3865 2332 3904 ;
2381 3845 2517 3909 quod
2546 3847 2647 3905 jam

1619 3927 1813 3975 monuit
1821 3927 2005 3975 Duker.
2032 3926 2177 3975 Cous.
2204 3926 2267 3973 ad
2285 3927 2362 3985 111
2377 3961 2389 3984 ‚
2406 3941 2434 3971 ιι
2448 3918 2477 3971 ι’
2489 3959 2504 3983 ,
2523 3940 2576 3970 ιι.
2597 3923 2646 3968 3.

1694 4007 1742 4054 3.
1764 4006 1877 4068 Spei
1899 4005 2102 4071 majoris
2124 4005 2397 4052 avertenda·
2417 4000 2646 4048 solatium

1619 4083 1856 4149 objectum
1888 4084 2147 4130 censebant
2182 4083 2368 4129 seilicet
2392 4078 2641 4136 homines,

1621 4178 1706 4209 seu
1722 4160 2024 4209 censebatur.
2043 4156 2189 4208 Cous.
2209 4159 2273 4207 ad
2292 4162 2383 4218 IV,
2407 4159 2468 4208 51
2485 4193 2499 4219 ,
2518 4175 2568 4206 n.
2586 4174 2642 4206 ει.
