3000 4717
443 380 489 418 Α.
515 376 563 416 C.
591 352 681 415 361.

442 437 496 476 U.
517 437 564 475 C.
593 437 683 489 391.

958 397 1271 465 LIBER
1319 396 1498 464 VII.
1557 395 1765 463 CAP.
1819 396 1921 461 ΙΙ.

2371 394 2505 491 337

387 518 603 606 bant;
638 515 766 588 sed
805 516 1129 614 impletas
1164 515 1396 587 modis
1446 526 1718 584 saturas
1732 510 1790 600 ⁶,
1837 512 2210 612 descripto
2230 515 2376 609 jam
2423 515 2514 589 ad

295 628 301 637 ’
389 628 754 711 tibicinem
793 641 1046 714 caum,
1075 639 1427 722 motuque
1460 625 1889 721 congruenti
1924 624 2376 722 peragebant.
2412 628 2519 698 Li-

389 739 547 808 vius
565 749 590 793 7
615 752 778 836 post
796 738 1069 835 aliquot
1091 761 1343 825 annoS,
1358 737 1485 834 qui
1506 735 1596 807 ab
1613 737 1870 806 saturis
1883 759 2098 807 ausus
2122 750 2228 807 est
2241 738 2518 833 primus

387 862 814 946 argumento
844 846 1160 919 fabulam
1190 872 1457 937 serere,
1490 845 1682 919 idem
1712 847 2016 935 scilicet,
2052 845 2128 916 id
2151 845 2353 943 quod
2372 871 2518 917 om-

462 1049 511 1096 6.
540 1048 638 1095 Sed
660 1048 879 1113 impletas
907 1048 1065 1096 modis
1088 1058 1280 1094 saturas
1294 1079 1309 1103 ,
1347 1046 1412 1093 ad

388 1127 617 1176 modulos
650 1140 808 1176 certos
837 1129 1066 1192 legesque
1090 1125 1310 1192 rhythmi
1339 1136 1411 1172 at-

390 1217 697 1271 temperatas‚
710 1219 760 1255 et
768 1208 982 1271 quodam
990 1205 1258 1254 saltationis
1265 1204 1415 1251 actio-

391 1286 563 1348 nisque
589 1284 795 1335 artificio
820 1296 1121 1342 constantes,
1143 1283 1407 1347 descripto,

390 1365 667 1427 composito
682 1400 697 1424 ,
733 1377 899 1431 aptato
935 1376 985 1413 et
1018 1363 1269 1412 moderato
1296 1361 1413 1426 jam

391 1456 542 1491 cantu
568 1444 641 1491 ad
664 1444 929 1501 tibicinem,
956 1455 1013 1492 ut
1037 1458 1185 1507 supra
1210 1441 1283 1487 ad
1305 1439 1414 1487 tibi-

392 1523 515 1570 einis
545 1523 751 1579 modos,
788 1535 1016 1587 motuque
1027 1558 1045 1580 ,
1090 1532 1229 1586 gestu
1246 1553 1260 1577 ,
1300 1534 1414 1566 con-

385 1602 585 1666 gruenti
599 1603 921 1666 peragebant.
943 1600 1290 1666 (Modusplias
1311 1613 1416 1644 mu-

391 1679 496 1727 sica
519 1695 651 1739 vox,
679 1681 887 1728 canendi
908 1682 1146 1728 rationem
1167 1678 1416 1734 indicans,

396 1774 547 1822 germ.
569 1755 919 1822 Composition,
945 1760 1024 1807 vel
1052 1757 1289 1813 Melodie,
1314 1756 1363 1803 h.
1382 1756 1415 1803 l.

394 1853 552 1901 graece
574 1839 774 1908 μέτρον,
795 1837 1001 1901 Stroth.)
1026 1842 1144 1887 Haec
1167 1847 1239 1884 est
1260 1834 1419 1899 prisca

396 1919 731 1965 Romanorum
756 1929 925 1965 satura
951 1917 1029 1965 vel
1055 1927 1248 1978 satyra,
1269 1930 1419 1977 eaque

396 1996 660 2046 dramatica
690 1994 900 2061 (Barce,
934 1994 1265 2058 Mischspiel)‚
1292 2009 1319 2040 e
1348 2008 1421 2039 sa-

393 2075 574 2123 turniis
607 2087 657 2124 et
686 2074 981 2123 fescenninis
1007 2073 1227 2121 versibus
1253 2083 1419 2129 enata,

398 2155 477 2202 vel
523 2155 587 2203 ad
631 2170 801 2203 eorum
839 2152 1212 2201 similitudinem
1259 2148 1421 2199 efficta

393 2232 546 2299 (nam
569 2234 735 2281 Livius
764 2249 884 2281 mox
916 2232 1067 2290 dicit,
1097 2229 1173 2277 his
1203 2229 1420 2277 versibus

396 2312 607 2361 ridicula
624 2312 783 2379 fitisse
817 2312 1031 2367 intexta,
1067 2326 1175 2374 quae
1194 2309 1420 2374 juventus

399 2406 599 2438 romana
624 2392 750 2439 inter
769 2407 822 2439 se
844 2407 976 2438 more
990 2388 1195 2453 antiquo
1209 2388 1420 2453 jactita-

399 2466 572 2530 verit),
586 2469 778 2532 illisque
790 2469 1049 2517 substituta
1065 2467 1121 2515 in
1140 2467 1295 2514 scenis
1306 2501 1321 2525 ,
1333 2463 1425 2513 sed

401 2545 565 2593 minus
582 2535 741 2604 rudis,
761 2547 839 2593 vel
858 2558 1037 2595 temere
1050 2546 1335 2608 composita.
1351 2546 1419 2591 Ea

400 2625 603 2688 <pridem
630 2623 791 2671 fabula
813 2635 940 2682 erat,
966 2623 1053 2671 sed
1070 2624 1319 2686 incompta
1336 2622 1422 2669 ad-

394 2704 501 2752 huc
518 2714 569 2751 et
586 2702 861 2759 incondita,
884 2717 1042 2764 neque
1057 2701 1202 2748 unius
1227 2716 1284 2747 ac
1304 2699 1425 2746 certi

395 2784 606 2844 alicujus
618 2816 635 2839 ‚
663 2781 751 2828 sed
767 2780 911 2828 mixti
926 2778 1218 2843 argumenti3
1242 2794 1271 2825 a
1288 2778 1426 2838 cujus

399 2863 551 2912 etiam
569 2861 799 2909 varietate
812 2892 829 2917 ,
848 2875 984 2922 aeque
1002 2874 1059 2905 ac
1083 2857 1327 2922 posterior
1352 2872 1426 2903 ea-

398 2958 503 3006 que
521 2940 760 2990 didactica
774 2940 1107 2986 Romanorum
1123 2948 1319 2993 satura,
1339 2952 1426 2987 seu
1461 2961 1466 2966 ·

400 3031 601 3084 satyra,
630 3036 808 3069 nomen
838 3017 1001 3067 traxit.
1028 3015 1190 3082 (Vide
1217 2999 1426 3066 Prooem-

407 3116 521 3164 sup.
543 3110 648 3148 not.
676 3100 706 3147 5
733 3109 1049 3147 memoratum
1067 3130 1082 3154 ‚
1119 3107 1169 3145 et
1193 3112 1339 3161 supra
1363 3096 1427 3147 ad

414 3177 594 3236 xxll',
614 3185 669 3236 4,
686 3194 736 3224 n.
753 3178 819 3242 1.)
847 3176 1042 3232 Eaedem
1059 3186 1236 3241 satyrae
1256 3187 1429 3240 postea

415 3256 713 3308 vocabantur
749 3255 945 3304 exodia.
998 3254 1098 3304 Cur
1140 3266 1189 3302 et
1231 3254 1429 3319 quando

413 3334 513 3384 hoc
558 3334 736 3381 factum
782 3333 846 3382 sit
864 3367 879 3392 ,
923 3348 1041 3384 mox
1088 3332 1286 3384 docebit
1335 3350 1428 3386 nos

413 3414 595 3462 Livius.

491 3510 537 3554 7.
563 3492 745 3549 Livius,
775 3493 828 3539 L.
846 3503 930 3540 aut
953 3493 1026 3540 M.
1050 3491 1217 3538 Livius
1233 3491 1429 3550 Andro-

413 3571 581 3630 nicus,
615 3571 814 3619 Graecus
829 3604 844 3628 ‚
879 3572 950 3619 M.
986 3569 1115 3617 Livii
1152 3570 1433 3618 Salinatoris

413 3650 641 3709 libertus,
652 3662 769 3714 post
785 3650 975 3713 aliquot
989 3664 1168 3705 annos,
1200 3663 1280 3698 an.
1304 3648 1424 3700 Urb.

410 3729 563 3778 cond.
576 3731 764 3788 nle,
780 3730 837 3779 C.
852 3728 1057 3779 Claudio
1072 3728 1223 3792 Appii
1237 3728 1428 3777 Claudii

415 3810 547 3860 Caeci
571 3808 675 3857 filio
702 3820 751 3856 et
767 3810 839 3856 M.
853 3807 1100 3857 Tuditano
1122 3806 1428 3863 consulibus,

413 3905 548 3938 anno
588 3899 700 3936 ante
743 3898 909 3938 natum
947 3885 1158 3940 Ennium
1173 3920 1187 3944 ,
1227 3896 1276 3933 et
1316 3893 1431 3949 post

418 3968 695 4015 confectum
719 3965 900 4018 bellum
925 3964 1157 4029 punicum
1176 3981 1252 4029 pr.
1282 3963 1303 4028 (
1322 3963 1432 4013 vide

1498 1046 1563 1093 ad
1593 1045 1679 1094 hh.
1712 1046 1763 1093 ll.
1802 1044 2018 1112 Intpp.),
2052 1046 2116 1093 ab
2153 1046 2369 1102 Saturis,
2405 1056 2520 1110 post

1500 1128 1694 1174 Satnras
1722 1124 1866 1190 (vide
1885 1126 1949 1173 ad
1967 1127 2016 1184 1,
2049 1142 2093 1183 1,
2117 1142 2168 1173 n.
2192 1124 2250 1191 5)
2272 1137 2322 1173 et
2346 1125 2521 1190 spretis

1500 1205 1710 1262 saturis,
1744 1220 1852 1267 quae
1873 1205 1961 1252 diu
1982 1206 2033 1251 in
2059 1206 2218 1252 scenis
2236 1205 2518 1269 viguerant,

1499 1300 1646 1331 ausus
1677 1295 1749 1329 est
1772 1283 1962 1346 primus
1975 1256 2208 1348 fabula-5⁸,
2248 1300 2317 1331 sc.
2347 1299 2525 1331 comoe·

1500 1362 1606 1409 dias
1641 1378 1701 1409 ex
1744 1377 1900 1425 graeco
1932 1363 1986 1409 in
2014 1364 2218 1411 latinum
2252 1379 2524 1438 sermonem

1500 1457 1690 1497 versas,
1709 1456 1888 1498 serere,
1911 1457 2191 1499 conserere,
2215 1454 2522 1503 construere,

1503 1536 1822 1585 componere,
1843 1533 2150 1585 arg-umento,
2178 1521 2228 1569 h.
2249 1539 2292 1571 e.
2311 1523 2525 1572 scribere

1503 1599 1691 1648 fabulas
1734 1600 2042 1647 continentes
2094 1601 2173 1647 vel
2210 1601 2356 1648 nnius
2406 1604 2528 1663 ejus-
2622 1647 2627 1652 .

1505 1679 1713 1742 demque
1723 1679 1996 1740 argumenti
2011 1714 2026 1737 ,
2042 1694 2150 1741 quae
2165 1680 2387 1743 partibus
2401 1681 2531 1729 inter

1506 1774 1558 1806 se
1582 1758 1820 1805 connexis
1842 1769 1892 1805 et
1922 1757 2051 1822 aptis
2075 1769 2379 1818 constarent,
2408 1776 2500 1807 nec
2515 1795 2532 1821 ,

1506 1847 1563 1884 ut
1585 1839 1793 1897 Saturae,
1816 1836 2171 1892 confunderent
2189 1853 2248 1884 ac
2273 1839 2532 1887 miscerent

1510 1932 1585 1963 res
1607 1916 1751 1980 plane
1774 1915 1988 1962 diversas
2009 1926 2059 1961 et
2083 1916 2255 1963 varias.
2282 1919 2405 1979 Quae
2432 1919 2532 1965 dis-

1508 1995 1711 2043 tinctius
1737 1994 1966 2058 exposuit
1990 1995 2153 2041 Valer.
2183 1996 2319 2042 Max.
2348 1998 2430 2055 11,
2467 2004 2528 2055 4,

1509 2081 1543 2129 4
1559 2108 1574 2132 ,
1608 2073 1696 2121 ubi
1734 2073 1926 2120 Livium
1966 2073 2205 2137 expressit
2232 2087 2245 2121 τ
2279 2075 2529 2122 Paulatim

1506 2152 1684 2203 deinde
1705 2152 1895 2200 ludicra
1919 2169 2001 2199 ars
2022 2152 2096 2199 ad
2114 2152 2404 2200 Saturarum
2430 2170 2531 2201 mo-

1505 2231 1598 2278 dos
1604 2230 1851 2294 perrexit,
1876 2248 1913 2277 a
1930 2231 2102 2295 quibus
2121 2231 2333 2278 omnium
2342 2233 2531 2296 primus

1498 2322 1654 2374 poeta
1671 2309 1829 2356 Livius
1846 2309 1921 2358 ad
1926 2308 2220 2374 fabularum
2240 2324 2529 2375 argumenta

1509 2388 1826 2453 spectantium
1861 2388 2026 2436 oculos
2062 2400 2111 2436 et
2145 2390 2334 2439 animos
2374 2403 2530 2442 trans-

1512 2467 1636 2515 tulit.
1676 2468 1806 2515 Bene
1842 2467 2041 2516 laudant
2072 2470 2240 2534 Intpp.
2281 2486 2389 2534 sup.
2427 2472 2531 2530 m,

1510 2554 1603 2604 44,
1629 2562 1679 2592 ιι.
1702 2562 1791 2605 ra;
1816 2548 2025 2610 Quintil.
2047 2550 2168 2600 Inst-
2195 2549 2329 2599 Orat.
2349 2550 2415 2608 V,
2441 2566 2533 2611 ro,

1510 2625 1710 2673 Fabulae
1726 2626 1800 2673 ad
1824 2616 1961 2676 actui
1985 2644 2237 2677 scenarum
2255 2630 2532 2693 composita·

1512 2715 1799 2768 argumenta
1818 2706 2072 2763 dicuntur-,-
2088 2719 2146 2754 et
2171 2709 2275 2756 Cic.
2295 2725 2388 2773 pro
2407 2709 2530 2758 Coel.

1513 2797 1620 2845 cap.
1640 2796 1704 2842 27
1724 2796 1738 2832 z
1765 2784 1885 2832 Hoec
1902 2784 2206 2848 totafabella
2227 2798 2298 2832 est
2318 2787 2422 2833 sine
2446 2803 2529 2834 ar·
2583 2825 2587 2831 .
2684 2823 2691 2830 ,

1510 2872 1765 2927 gumento,
1789 2861 1840 2909 h.
1864 2879 1907 2910 e.
1933 2877 2037 2909 non
2056 2862 2295 2920 comeret,
2325 2876 2379 2911 ut
2400 2875 2531 2912 reete

1514 2939 1720 3003 exponit
1756 2939 1945 2988 Ernesti
1958 2973 1973 2997 ‚
2004 2941 2089 3003 qui
2127 2940 2271 2987 etiam
2310 2953 2531 2990 nostrum

1512 3019 1677 3071 locum
1699 3018 1773 3065 ibi
1796 3018 1992 3076 eodem,
2020 3034 2120 3081 quo
2147 3034 2262 3077 nos,
2293 3036 2434 3068 sensu
2457 3036 2534 3068 ce·

1513 3099 1604 3163 pit.
1627 3098 1699 3149 Id.
1713 3098 1884 3146 docuit
1903 3112 1995 3145 nos
2016 3098 2199 3145 Stroth.
2220 3101 2357 3160 cujus
2377 3099 2532 3164 expli-

1516 3179 1644 3227 catio
1671 3177 1818 3241 paulo
1848 3176 2016 3224 durior·
2045 3186 2117 3223 est
2146 3176 2251 3225 haec
2272 3178 2533 3243 :fabulam

1517 3272 1694 3313 serere,
1711 3272 2030 3321 componere,
2051 3272 2137 3303 seu
2154 3256 2311 3304 facere
2336 3257 2410 3321 (ut
2427 3259 2530 3316 111,

1516 3338 1611 3395 43,
1643 3347 1691 3383 et
1710 3337 1832 3393 VII,
1857 3335 1949 3397 39)
1972 3335 2026 3381 in
2052 3350 2147 3397 qua
2172 3332 2286 3383 ficta
2310 3336 2530 3397 quaedam

1514 3433 1592 3465 res
1627 3425 1758 3479 gesta
1793 3413 2155 3479 (argumentum
2180 3426 2253 3460 est
2264 3413 2398 3480 ficta
2428 3430 2527 3470 res,

1518 3511 1629 3559 quae
1655 3505 1814 3541 tamen
1827 3491 1955 3561 fieri
1977 3492 2170 3555 potuit,
2206 3492 2310 3540 Cic.
2341 3496 2450 3541 Inv.
2483 3496 2532 3551 1,

1525 3573 1618 3637 19)
1642 3572 1875 3621 continua
1891 3572 2166 3619 narratione
2186 3582 2236 3618 et
2255 3571 2449 3620 actione
2463 3571 2532 3619 ita

1515 3663 1864 3716 exponeretur,
1887 3662 1942 3698 ut
1966 3650 2154 3707 omnia,
2177 3650 2311 3713 quasi
2337 3661 2499 3713 partes
2518 3685 2532 3705 ‚

1514 3729 1574 3778 ad
1599 3746 1747 3776 unum
1769 3739 1926 3777 totum
1944 3729 2250 3776 referrentur.
2271 3729 2454 3776 Confer
2470 3728 2534 3775 ad

1515 3809 1772 3864 xxxlx,
1801 3809 1897 3865 43,
1929 3824 1984 3855 n.
2013 3821 2056 3866 1,
2083 3818 2131 3855 et
2153 3808 2269 3865 XL,
2298 3822 2387 3866 ra,
2407 3823 2459 3853 n.
2483 3815 2531 3862 4.

1517 3886 1688 3936 Baueri
1712 3896 1831 3934 nota
1854 3896 1927 3933 est
1948 3901 1960 3934 :
1988 3908 2012 3927 α
2036 3886 2099 3932 ab
2126 3885 2334 3941 Saturis,
2367 3901 2429 3933 ex
2455 3901 2535 3934 oc·

1522 3964 1714 4013 casione
1739 3966 2040 4021 Saturarum,
2073 3980 2222 4027 quum
2241 3975 2429 4013 tantum
2448 3967 2533 4015 Sa·

413 4046 572 4100 Cicer,
597 4046 658 4093 de
682 4046 792 4094 Sen.
820 4046 970 4101 XIV;
1000 4044 1135 4092 Brut.
1157 4044 1334 4090 XVIII
1348 4074 1363 4099 ‚
1387 4051 1438 4089 et
1523 4056 1643 4094 turae
1669 4043 1829 4091 adhuc
1852 4043 2056 4091 fixissent
2070 4077 2085 4100 ,
2117 4043 2294 4091 relictis
2322 4044 2505 4094 saturis
2519 4078 2532 4101 ,

414 4125 557 4180 Tuae.
580 4126 764 4188 Quaest.
786 4124 836 4184 1,
863 4138 910 4188 13
933 4122 1060 4172 Gell.
1080 4122 1258 4182 XVII,
1280 4136 1367 4183 αι,
1390 4132 1439 4171 et
1524 4121 1589 4172 ad
1614 4124 1793 4186 majora
1817 4133 1867 4172 et
1893 4121 2222 4189 ingeniosiora
2249 4134 2537 4189 provectus,

663 4215 763 4284 II.

2112 4234 2197 4280 22
