3000 4717
470 384 609 471 348
1303 394 1380 462 T.
1448 393 1729 462 [ΝΠ
2293 374 2418 475 ῧῑὲῑ
2445 377 2535 491 ἓξὲξ

459 507 673 604 ἰωὴ,
723 508 977 579 consul
1027 509 1557 584 circumventus
1589 511 1680 583 ab
1719 513 1958 585 insciis
1975 565 1995 597 ‚
2038 537 2257 609 quem
2292 515 2589 587 interfe—

468 619 763 706 cissent,
790 619 1262 691 occideretur.
1296 622 1515 712 Quod
1538 620 1669 693 ubi
1688 636 1796 694 est
1819 627 2120 694 Romam
2154 626 2588 713 nuntiatum,

464 753 928 825 nequaquam
959 744 1240 802 tantum
1269 731 1557 829 publica
1597 732 1996 805 calamitate
2032 734 2273 803 moesti
2310 740 2588 821 PatreS,

467 853 823 935 quantum
860 836 1136 911 feroces
1169 839 1436 912 infelici
1472 842 1790 914 consulis
1829 841 2096 940 plebeii
2140 840 2365 913 ductu
2384 899 2404 933 ,
2445 842 2590 915 fre-

465 963 677 1018 munt
701 948 1039 1020 omnibus
1057 950 1232 1022 locis
1256 978 1271 1019 ε
1294 956 1522 1040 Irent,
1546 969 1868 1023 crearent
1885 950 2214 1024 consules
2230 953 2584 1051 explebe,

466 1061 929 1152 transferrent
952 1065 1278 1159 auspicia
1292 1116 1314 1149 ,
1346 1087 1494 1159 quo
1525 1064 1727 1154 nefas
1755 1078 1950 1134 esset.
1983 1068 2308 1133 Potuisse
2338 1068 2590 1134 Patres

462 1169 839 1265 plebiscito
883 1169 1069 1267 pelli
1122 1171 1516 1242 honoribus
1569 1178 1713 1242 suis
1755 1198 1776 1241 .·
1824 1195 1996 1241 num
2040 1175 2253 1240 etiam
2300 1176 2375 1239 in
2421 1170 2590 1239 deos

468 1280 904 1353 immortales
926 1287 1458 1378 inauspicatam
1478 1280 1705 1379 legem
1725 1281 2039 1353 valuisse
2053 1278 2084 1323 ⁶
2104 1282 2140 1350 ,³
2169 1285 2235 1350 V
2237 1280 2592 1349 indicasse

467 1397 651 1489 ipsos
672 1416 881 1463 suum
907 1411 1206 1479 numen,
1233 1417 1365 1463 sua
1392 1398 1759 1489 auspicia:
1783 1415 1953 1489 quoe
1976 1396 2386 1486 utprimum
2416 1412 2587 1460 con-

472 1516 662 1595 tacta
694 1508 837 1573 sint
860 1503 961 1572 ab
986 1527 1073 1573 eo
1088 1557 1109 1589 ,
1144 1528 1192 1572 a
1220 1528 1368 1600 quo
1391 1527 1526 1573 nec
1541 1504 1669 1601 jus
1695 1527 1826 1574 nec
1824 1505 1965 1591 fas
1966 1502 2242 1593 fuerit‚·
2277 1498 2589 1569 deletum

464 1635 633 1683 cum
679 1612 863 1683 duce
916 1619 1313 1683 exercitum
1353 1613 1784 1685 documento
1811 1615 2054 1702 fuisse
2072 1665 2092 1697 ,
2143 1629 2247 1682 ηε·
2285 1609 2550 1681 deinde
2563 1662 2605 1698 a

463 1722 753 1791 turbato
775 1727 1098 1817 gentium
1118 1724 1311 1814 jure,
1343 1728 1635 1794 comitia
1659 1723 2127 1793 haberentur:
2146 1722 2270 1791 His
2293 1717 2591 1790 vocibus

466 1833 659 1902 curia
698 1845 771 1902 et
805 1829 1049 1903 forum
1078 1847 1441 1930 personat.
1489 1838 1623 1931 Ap.
1668 1831 2085 1920 Claudium,
2118 1832 2289 1927 quia
2325 1829 2588 1901 dissua-

468 1957 654 2014 serat
685 1943 912 2041 legem
933 1998 953 2033 ‚
992 1943 1266 2038 majore
1295 1968 1495 2013 nunc
1526 1944 1947 2014 auctoritate
1977 1955 2316 2013 eventum
2344 1963 2589 2036 repre-

464 2055 674 2127 hensi
705 2055 796 2127 ab
819 2081 900 2127 se
926 2055 1203 2127 consilii
1241 2056 1687 2126 incusantem
1712 2108 1730 2140 ‚
1772 2054 2194 2123 dictatorem
2231 2073 2593 2121 consensu

462 2167 926 2261 patriciorum
963 2163 1298 2236 Servilius
1336 2164 1591 2235 consul
1616 2163 1825 2253 dicit,
1868 2162 2335 2256 delectusque
2368 2174 2439 2230 et
2468 2159 2590 2253 ju·

462 2276 735 2345 stitium
780 2274 1152 2346 indictum.

556 2388 706 2453 VII.
745 2385 1168 2480 Priusquam
1204 2383 1513 2455 dictator
1546 2385 2013 2482 legionesque
2048 2407 2253 2456 novae
2287 2383 2362 2451 in
2403 2386 2589 2451 Her-

460 2492 660 2561 nicos
688 2493 1059 2580 venirent‚
1096 2491 1323 2563 ductu
1364 2498 1443 2565 C.
1479 2494 1777 2590 Sulpicii
1807 2494 2019 2591 legati
2054 2518 2170 2564 res
2202 2517 2332 2590 per
2378 2515 2586 2561 occa-

459 2602 737 2672 sionem
756 2613 778 2643 ¹
808 2617 1004 2698 gesta
1025 2604 1307 2701 egregie
1332 2618 1463 2674 est.
1492 2610 1580 2675 In
1603 2606 1953 2676 Hernicos
1971 2659 1991 2693 ‚
2014 2618 2248 2675 morte
2271 2600 2589 2674 consulis

458 2712 934 2808 contemptim
962 2712 1054 2783 ad
1091 2727 1319 2784 castra
1354 2739 1651 2786 romana
1689 2739 1855 2785 cum
1886 2713 2083 2785 haud
2108 2712 2330 2784 dubia
2357 2736 2584 2809 expu-

456 2821 727 2918 gnandi
777 2847 903 2920 spe
958 2824 1461 2914 succedentes»,
1513 2825 1853 2896 hortante
1904 2825 2176 2922 legam,
2230 2836 2301 2894 et
2350 2821 2588 2918 plenis

371 3005 377 3010 .
455 2930 575 2999 irae
594 2945 811 3026 atque
828 2932 1275 3030 indignitatis
1296 2933 1606 3004 militum
1623 2936 1878 3005 animis
1895 2962 1913 3023 3
1940 2935 2227 3031 eruptio
2245 2946 2353 3003 est
2372 2928 2579 3001 facta.

451 3041 766 3111 Multum
799 3041 889 3112 ab
919 3067 1046 3140 spe
1073 3041 1386 3114 adeundi
1411 3044 1577 3114 valli
1600 3068 1713 3114 res
1741 3044 2065 3113 Hernicis
2101 3040 2364 3127 abfuit3
2398 3037 2583 3109 adeo

453 3149 762 3222 turbatis
793 3150 964 3223 inde
1002 3152 1381 3224 ordinibus
1423 3151 1850 3224 abscessere.
1892 3152 2278 3223 Dictatoris
2315 3147 2580 3219 deinde

451 3260 768 3334 adventu
799 3288 1033 3334 novus
1059 3265 1286 3335 veteri
1315 3266 1669 3334 exercitus
1693 3264 2025 3360 jungitur
2043 3276 2168 3352 ‚·et
2204 3262 2426 3359 copiae
2455 3259 2580 3330 du-

448 3372 812 3469 plicantur
865 3401 881 3444 :
936 3388 1008 3444 et
1050 3397 1186 3471 pro
1237 3375 1588 3445 concione
1633 3373 1940 3448 dictator
1984 3371 2315 3447 laudibus
2364 3371 2579 3467 legati

2038 3521 2055 3551 l

518 3579 566 3627 5.
594 3580 655 3624 In
682 3576 883 3624 insidias
901 3575 1256 3640 praecipitaret,
1275 3576 1389 3623 vide
1403 3576 1467 3623 ad
1556 3577 1719 3635 luisse,
1748 3578 1802 3626 in
1827 3594 1912 3625 eos
1933 3578 2033 3624 vim
2049 3576 2276 3625 habuisse
2291 3610 2305 3634 ,
2329 3573 2577 3624 efficacem

441 3660 520 3717 11,
550 3658 605 3712 3,
627 3673 679 3705 n.
701 3656 920 3704 20—-Ab
941 3654 1125 3711 insciis,
1156 3671 1298 3719 quem
1319 3655 1467 3703 inter-
1555 3657 1718 3705 fuisse.
1731 3657 2049 3721 —Auspicia
2062 3668 2116 3703 ue
2119 3656 2335 3720 primum
2347 3666 2578 3702 contacta

433 3738 695 3803 fecissent,
746 3735 1067 3792 occideretur,
1108 3734 1222 3782 vide
1256 3735 1321 3783 ad
1363 3737 1466 3794 VI,
1554 3733 1732 3782 sintab
1755 3752 1837 3792 eo,
1862 3735 1978 3783 vide
1996 3736 2056 3783 ad
2076 3736 2281 3796 V1,28‚
2302 3750 2352 3781 n.
2377 3750 2425 3783 α.
2450 3735 2581 3781 Mox

450 3817 507 3874 3,
532 3833 585 3865 n.
615 3818 665 3863 3.
1556 3812 1807 3862 dictatoris
1832 3825 2043 3873 tantum,
2068 3830 2163 3861 nec
2189 3813 2333 3861 simul
2358 3812 2578 3875 magistri

514 3894 564 3939 6.
582 3894 713 3940 Num
728 3893 878 3942 etiam
900 3893 950 3941 in
972 3893 1088 3941 deos
1110 3894 1466 3959 inauspicatam
1555 3908 1632 3956 eq.
1655 3894 1840 3941 mentio
1861 3892 1944 3952 fit,
1968 3904 2025 3942 ut
2046 3896 2097 3940 11
2111 3926 2127 3952 ‚
2156 3894 2239 3940 30.

447 3971 598 4035 legem
634 3972 873 4029 valuisse,
912 3973 1068 4036 legem
1097 3974 1201 4021 sine
1234 3974 1465 4039 auspiciis
1624 3972 1869 4020 cmvn.
1902 3988 1946 4019 1.
1984 3974 2082 4018 Per
2100 3968 2402 4019 occasionem
2408 4004 2426 4026 ,
2459 3968 2577 4016 vide

443 4048 524 4094 vel
541 4057 709 4094 contra
727 4065 781 4096 ea
798 4050 946 4098 latam
967 4062 1016 4100 et
1035 4053 1293 4115 perlatam,
1315 4053 1464 4103 adeo·
1553 4049 1617 4097 ad
1639 4052 1696 4107 Ι,
1721 4065 1744 4096 1
1758 4065 1803 4108 1,
1828 4066 1884 4098 n.
1918 4066 1962 4097 1.
1986 4077 2055 4087 —
2084 4050 2426 4114 Contempeim,
2456 4046 2581 4095 vide

444 4140 538 4188 que
563 4124 845 4185 infaustam,
878 4127 955 4184 in,
992 4140 1163 4199 eontra
1181 4164 1196 4189 ,
1229 4130 1344 4179 deos
1366 4147 1461 4179 va-
1551 4128 1614 4176 ad
1635 4130 1711 4187 11,
1737 4128 1825 4188 56,
1852 4144 1904 4175 n.
1929 4128 2014 4182 ιδ.
