3000 4717
507 372 639 466 178
1367 374 1443 438 T.
1512 373 1789 441 L1v11
2324 357 2379 454 ζ,
2401 354 2452 455 g:
2480 358 2576 459 3313

497 524 531 559 «ι
574 516 710 564 nos
736 488 979 577 vebi53
1012 490 1190 578 rati,
1220 512 1371 586 quo
1400 490 1584 563 nihil
1614 492 1865 563 victori
1899 490 2272 588 pulchrius
2299 510 2445 583 est,
2477 523 2627 569 me-

494 634 530 669 «
570 603 710 675 lius
746 625 881 679 nos
916 598 1054 671 sub
1091 601 1398 696 imperio
1432 614 1674 672 vestro
1690 654 1710 688 ‚
1748 624 1969 696 quam
2006 600 2283 696 legibus
2318 605 2586 676 nostris
2606 660 2626 690 ‚

496 743 531 779 a
572 715 912 791 victuros.
951 716 1236 789 Eventu
1276 709 1495 806 hujus
1535 709 1710 787 belli
1744 709 1895 794 duo
1931 710 2265 785 salutaria
2298 715 2630 811 exempla

494 854 527 889 ε(
568 824 856 922 prodita
898 823 1223 897 humano
1268 825 1519 919 generi
1562 836 1731 899 sunt
1766 849 1781 895 ε
1813 845 1947 892 vos
1990 821 2212 894 fidem
2265 825 2343 894 in
2389 822 2587 895 hello
2605 851 2633 913 ,-

402 1020 406 1025 ,
492 962 528 998 α
571 958 793 1030 quam
838 945 1267 1031 praesentem
1305 933 1680 1013 victoriam
1712 942 1773 1021 ⁷,
1811 932 2160 1003 maluistis
2197 959 2212 1000 ε
2263 958 2398 1015 nos
2419 988 2438 1022 ,
2480 933 2625 1009 fide

496 1072 531 1108 ιι
574 1043 985 1145 provocati,
1022 1042 1396 1119 victoriam
1436 1042 1631 1114 ultro
1682 1041 2071 1114 detulimus
2107 1069 2122 1112 z
2171 1042 2308 1115 suh
2348 1044 2626 1121 ditione

494 1186 527 1223 «
564 1171 801 1229 vestra
848 1178 1120 1233 sumus.
1178 1155 1444 1226 Mittite
1467 1211 1485 1244 ‚
1526 1156 1656 1252 qui
1700 1178 1929 1243 arma,
1966 1155 2096 1251 qui
2135 1152 2425 1227 obsides
2446 1209 2466 1243 ‚
2497 1159 2628 1252 qui

493 1298 526 1332 «
565 1267 828 1340 urbem
884 1262 1301 1365 patentibus
1355 1267 1583 1363 portis
1631 1267 2034 1364 accipiant:
2086 1291 2223 1338 nec
2272 1291 2403 1337 vos
2455 1265 2628 1338 fidei

492 1407 527 1443 a
569 1393 836 1453 nostrae
856 1432 876 1465 ‚
914 1400 1053 1453 nec
1085 1401 1223 1448 nos
1258 1378 1544 1474 imperii
1574 1378 1791 1449 vestri
1827 1375 2234 1474 poenitebit.
2257 1407 2292 1442 >2
2327 1377 2626 1453 Camillo

490 1503 562 1560 et
594 1488 686 1559 ab
724 1486 1058 1561 hostibus
1094 1501 1167 1558 et
1197 1513 1238 1559 a
1271 1486 1548 1561 civibus
1582 1489 1821 1586 gratim
1856 1501 2048 1559 actae.
2090 1487 2373 1558 Faliscis
2397 1489 2474 1569 in
2501 1488 2626 1557 sti-

490 1596 844 1694 pendium
879 1597 1192 1669 militum
1224 1598 1381 1691 ejus
1413 1600 1624 1690 anni,
1655 1609 1739 1673 ut
1776 1598 2094 1696 populus
2129 1622 2474 1679 romanus
2504 1599 2626 1668 tri-

490 1706 673 1778 buto
711 1720 1031 1793 vacaret,
1065 1710 1377 1804 pecunia
1413 1712 1785 1808 imperata.
1825 1715 2004 1781 Pace
2040 1708 2207 1790 data
2221 1765 2255 1800 ,„
2271 1709 2627 1780 exercitus

491 1823 797 1891 Romam
830 1820 1196 1895 reductus.
1868 1840 1872 1845 ·

586 1919 914 2005 XXVIII.
936 1931 1282 2007 Camillus
1301 1931 1602 2003 meliore
1627 1931 1861 2007 multo
1883 1930 2121 2018 laude,
2151 1953 2372 2026 quam
2396 1951 2627 2025 quum

489 2044 1066 2140 triumphantem
1092 2041 1263 2123 alibi
1291 2066 1422 2138 per
1442 2040 1702 2115 urbem
1726 2042 2074 2113 vexerant
2102 2043 2302 2136 equi,
2329 2038 2628 2135 insignis

485 2150 761 2244 justitia
800 2153 1133 2250 fideque5
1169 2153 1503 2225 hostibus
1544 2153 1784 2240 vietis,
1826 2174 2059 2246 quum
2102 2150 2178 2219 in
2216 2148 2473 2220 urbem
2515 2173 2629 2219 re·-

490 2259 710 2333 disset
732 2317 751 2351 ‚
797 2266 1013 2333 tacite
1060 2264 1218 2356 ejus
1262 2262 1775 2333 verecundiam
1828 2285 1977 2331 non
2035 2258 2201 2333 tulit
2246 2272 2541 2331 senatus
2576 2269 2628 2344 ¹,

488 2373 670 2465 quin
707 2373 862 2441 sine
889 2395 1095 2440 mora
1118 2373 1269 2442 voti
1289 2370 1770 2451 liberaretur:
1808 2384 2306 2466 crateramque
2335 2393 2631 2451 auream

487 2476 767 2548 donum
796 2477 1116 2575 Apollini
1155 2480 1480 2577 Delphos
1525 2482 1741 2577 legati
1784 2482 1912 2577 qui
1957 2478 2267 2567 ferrent,
2307 2484 2389 2551 L.
2417 2479 2628 2555 Vale·

486 2588 675 2676 rim,
712 2592 795 2658 L.
830 2590 1159 2687 Sergius,
1208 2597 1282 2661 A.
1318 2591 1668 2677 Manlius,
1708 2592 1906 2663 missi
1947 2591 2167 2688 longa
2209 2615 2356 2669 una
2409 2611 2626 2672 nave,

488 2695 684 2769 haud
713 2699 971 2794 procul
995 2697 1184 2771 freto
1204 2700 1434 2771 siculo
1454 2725 1495 2773 a
1514 2700 1763 2798 piratis
1783 2699 2283 2796 Liparensium
2311 2696 2627 2791 excepti,

487 2807 947 2882 devehuntur
986 2812 1301 2907 Liparas,
1339 2815 1500 2883 Mos
1537 2825 1691 2883 erat
1727 2810 2068 2896 civitam,
2098 2807 2296 2877 velut
2330 2803 2628 2900 publico

482 2913 866 2987 latrocinio
893 2908 1173 3014 partam
1211 2921 1526 3016 praedam
1564 2916 1924 3009 dividere3
1961 2916 2146 2987 forte
2188 2940 2277 2985 eo
2318 2938 2518 2984 anno
2553 2915 2629 2984 in

487 3050 774 3099 summo
801 3029 1225 3126 magistratu
1259 3045 1414 3101 erat
1438 3029 1914 3104 Timasitheus
1942 3026 2237 3122 quidam
2253 3080 2271 3113 ‚
2289 3025 2629 3109 Romanis

485 3137 597 3203 vir
637 3137 967 3220 similior,
1002 3163 1225 3234 quam
1264 3141 1410 3211 suis
1453 3166 1469 3208 :
1520 3141 1683 3235 qui,
1730 3138 2142 3234 legatorum·
2178 3146 2450 3211 nomen
2496 3134 2626 3204 do-

491 3331 576 3383 47,
597 3334 647 3371 et
669 3324 734 3372 al.
764 3327 933 3390 Ipsum
956 3327 1104 3385 illud,
1128 3328 1339 3376 invidere
1363 3329 1519 3376 victo·
1606 3327 1688 3376 vel
1711 3328 1778 3375 ita
1801 3339 1856 3374 ut
1877 3337 2082 3386 taceret3
2104 3339 2152 3376 et
2170 3344 2271 3376 rem
2291 3325 2627 3394 praetermitte-

489 3402 606 3460 riae,
634 3404 849 3451 occurrit
878 3405 1012 3468 apud
1045 3408 1243 3454 Petron.
1273 3408 1328 3454 in
1355 3411 1517 3472 Satyr.
1604 3419 1680 3454 ret
1706 3407 1904 3453 silentio
1927 3406 2024 3468 (cf.
2052 3406 2116 3453 ad
2141 3410 2192 3463 Ι,
2215 3408 2280 3453 50
2297 3439 2311 3463 ,
2331 3422 2381 3452 n.
2408 3420 2434 3464 7
2450 3403 2498 3468 >t
2530 3404 2628 3450 nisi

490 3497 534 3528 c.
566 3483 630 3529 80
645 3516 660 3542 ,
686 3481 952 3529 attulissem
976 3483 1098 3531 mihi
1120 3486 1384 3534 damnatas
1411 3503 1517 3533 ma·
1606 3485 1745 3531 malis
1768 3500 1881 3530 cum
1902 3485 2175 3548 Doeringio
2190 3486 2392 3546 jungere
2412 3498 2559 3546 quum
2580 3481 2629 3528 in

491 3576 597 3618 nus,
615 3560 769 3608 sinon
784 3561 969 3610 inimici
982 3563 1206 3611 victoriae
1220 3565 1517 3616 invidissem:
1612 3564 1784 3615 Urbem
1804 3563 2008 3615 redisset
2027 3563 2200 3619 tacite,
2230 3563 2280 3611 h.
2304 3579 2347 3613 e.
2369 3576 2471 3626 prae
2494 3576 2630 3615 vere-

490 3649 539 3688 et
558 3638 727 3688 eadem
745 3641 903 3690 forma
921 3640 1027 3691 Cic.
1043 3658 1172 3707 saepe
1190 3661 1306 3692 usus
1319 3655 1408 3691 est.
1423 3645 1517 3692 Eu.
1607 3642 1787 3693 cundia
1798 3677 1812 3702 ‚
1831 3642 1967 3695 nulla
1982 3643 2232 3693 mentione
2243 3642 2369 3695 faeta
2388 3640 2509 3695 doni
2519 3637 2631 3687 Del·

564 3735 611 3779 7.
631 3721 924 3770 Proesentem
941 3721 1234 3780 victoriam,
1256 3723 1358 3771 vid.
1379 3722 1443 3769 ad
1461 3724 1487 3769 1
1503 3755 1518 3781 ,
1606 3721 1734 3785 phos
1753 3722 1997 3774 mittendi.
2017 3746 2089 3758 —-·
2111 3721 2345 3784 Liparas,
2376 3720 2544 3769 confer
2567 3716 2631 3764 ad

490 3807 554 3840 12
572 3828 587 3851 2
610 3812 661 3842 1¹·
685 3800 735 3848 6.
957 3802 962 3807 ’
1123 3820 1130 3826 ·
1608 3802 1741 3846 XXI
1757 3834 1770 3859 ,
1793 3808 1860 3863 49
1880 3834 1893 3859 ,
1914 3818 1963 3848 n.
1992 3798 2456 3852 1.--:1⁷imasitaeus‚
2478 3801 2632 3864 Τιμη-

562 3873 683 3919 Cn».
715 3876 961 3939 XXVIII.
1005 3894 1049 3925 1.
1087 3881 1244 3940 Quum
1266 3878 1316 3925 in
1344 3878 1518 3926 Urbem
1605 3878 1757 3938 σίθως
1781 3879 1915 3944 apud
1936 3878 2180 3930 Plutarch.
2207 3876 2261 3922 in
2288 3875 2479 3926 Camilli
2506 3875 2630 3931 vita,

492 3948 719 4007 redisset,
754 3954 902 4001 tacite
930 3955 1031 4020 ejus
1052 3955 1401 4003 verecundiam
1419 3970 1518 4002 non
1607 3967 1727 4004 tom.
1757 3959 1783 4002 1
1799 3989 1814 4013 ,
1849 3972 1961 4019 pag.
1992 3971 2012 4000 1
2025 3956 2086 4002 33
2115 3957 2161 4003 D
2177 3988 2192 4011 ,
2222 3954 2309 4001 sed
2341 3946 2637 4024 ΤιμασίθεοςΔ

495 4026 607 4073 tulit
628 4039 821 4076 senatus
840 4065 855 4086 ,
883 4043 941 4079 ut
968 4033 1030 4080 al.
1058 4034 1235 4081 tacitus
1253 4067 1269 4090 ,
1309 4034 1360 4081 h.
1388 4049 1435 4079 e.
1463 4048 1520 4080 ea
1609 4034 1745 4098 apud
1768 4033 1978 4081 Diodor.
2003 4034 2037 4081 l.
2067 4035 2210 4092 xlv,
2232 4049 2284 4096 p.
2313 4034 2432 4088 445.
2451 4034 2637 4083 Confer

493 4103 618 4149 nihil
655 4116 846 4167 motus,
874 4109 941 4155 oh
973 4126 1078 4157 eam
1110 4112 1236 4158 nihil
1276 4112 1484 4159 moliens
1503 4145 1521 4170 ‚
1609 4113 1787 4175 Cuper.
1815 4113 1869 4159 in
1895 4111 2151 4177 apotheos.
2174 4115 2322 4163 Hom.
2351 4129 2404 4175 p.
2424 4113 2543 4172 296.
