3000 4717
424 311 476 351 A.
497 308 548 349 e.
578 297 804 351 sss-‘ssa

426 370 804 422 ncesse-³⁶⁷·
951 328 1274 399 LIBER
1321 330 1457 398 v1.
1517 330 1730 398 CAP.
1781 329 1912 396 1v.
2353 324 2490 412 245

371 476 525 522 non
550 452 1000 549 remigrasset
1028 456 1328 521 Romam
1343 504 1362 539 ,
1391 476 1482 522 ex
1506 447 1866 522 ferocibus
1889 448 2238 519 universis
2258 450 2494 546 singu-

372 562 480 632 los
497 615 517 650 ‚
570 576 776 633 metu
820 584 952 632 suo
990 585 1358 657 quemque
1373 614 1394 650 ,
1448 559 1869 637 obedientes
1905 554 2094 628 fecit.
2144 562 2231 628 Et
2270 563 2499 630 Roma

372 696 603 768 quum
639 669 1048 768 frequentia
1086 696 1407 743 crescere
1423 725 1443 759 ‚
1481 685 1639 741 tum
1677 683 1829 740 tota
1864 668 2078 740 simul
2112 691 2494 765 exsurgere

368 781 713 871 aedificiis,
746 797 820 853 et
849 779 1221 879 republica
1242 783 1601 880 impensas
1626 777 2047 875 adjuvante,
2076 789 2150 847 et
2170 773 2497 866 aedilibus

370 892 569 962 velut
604 890 980 988 publicum
1028 890 1479 988 exigentibus
1536 893 1772 987 opus‘*
1795 942 1814 977 ,
1865 904 1938 959 et
1990 888 2162 984 ipsis
2208 886 2499 983 privatis

372 1001 856 1098 (admonebat
898 1002 1093 1072 enim
1127 1000 1565 1074 desiderium
1600 997 1816 1095 usus)
1859 994 2369 1069 festinantibus
2406 993 2499 1064 ad

366 1109 708 1183 effectum
734 1113 977 1210 operis
993 1167 1012 1201 ,
1040 1112 1375 1208 intraque
1405 1134 1679 1181 annum
1706 1132 1895 1179 nova
1921 1107 2099 1179 urbs
2121 1107 2339 1177 stetit.
2361 1109 2501 1176 Ex-

369 1221 480 1290 itu
530 1223 703 1293 anni
746 1223 1038 1294 comitia
1081 1221 1548 1294 tribunorum
1592 1220 1906 1290 militum
1957 1217 2318 1289 consulari
2363 1239 2497 1314 po·

370 1344 626 1402 testate
682 1330 950 1403 habita.
1028 1333 1267 1403 Creati
1306 1337 1381 1402 T.
1437 1330 1780 1423 Quintius
1835 1329 2304 1400 Cincinnatus
2320 1380 2339 1415 ‚
2406 1329 2493 1417 Q.

368 1441 705 1513 Servilius
743 1440 1039 1513 Fidenas
1074 1444 1415 1539 quintum
1435 1497 1455 1531 ,
1493 1446 1571 1511 L.
1612 1440 1843 1511 Julius
1868 1438 2108 1524 sulus,
2145 1443 2224 1508 L.
2246 1435 2501 1534 Aquil-

369 1549 509 1621 lius
545 1555 823 1624 Corvus
839 1604 858 1638 ,
901 1556 981 1621 L.
1021 1552 1396 1623 Lucretius
1423 1552 1884 1649 Tricipitinus
1902 1605 1921 1635 ‚
1966 1554 2111 1622 Ser.
2152 1548 2500 1645 Sulpitius

371 1657 623 1731 Rufus.
666 1662 1081 1731 Exercitum
1117 1661 1422 1732 alterum
1448 1662 1528 1731 in
1546 1665 1845 1757 AEquos‚
1880 1686 2035 1731 non
2068 1657 2160 1729 ad
2191 1658 2498 1747 bellum,

371 1770 606 1840 victos
645 1795 961 1867 namque
999 1795 1073 1843 se
1115 1770 1563 1861 fatebantur,
1611 1771 1738 1843 sed
1777 1769 1871 1842 ab
1908 1770 2078 1841 odio
2116 1769 2207 1840 ad
2240 1793 2500 1867 perva-

367 1879 667 1952 standos
704 1879 921 1970 fines,
967 1905 1060 1953 ne
1104 1880 1282 1980 quid
1322 1882 1411 1954 ad
1444 1906 1632 1954 nova
1662 1882 1958 1953 consilia
1998 1882 2500 1977 relinquerent

234 2031 266 2070 .·
369 1989 631 2059 virium
649 2045 669 2080 ‚
696 1989 965 2062 duxere
997 2018 1014 2058 ε
1043 1992 1347 2063 alterum
1373 1993 1449 2063 in
1478 2016 1732 2089 agrum
1759 1992 2348 2089 tarquiniensem.
2383 1988 2497 2060 Ibi

370 2099 639 2198 oppida
660 2106 1161 2190 Etruscorum,
1189 2106 1545 2176 Cortuosa
1572 2118 1645 2175 et
1670 2100 2134 2175 Contenebra
2153 2156 2173 2189 ‚
2195 2102 2273 2169 vi'
2289 2114 2498 2198 capta

369 2210 773 2309 dirutaque.
830 2212 946 2284 Ad
987 2217 1418 2288 Cortuosam
1462 2212 1646 2284 nihil
1688 2213 2096 2285 certaminis
2134 2210 2305 2300 fuit3
2359 2213 2498 2280 im-

370 2323 662 2417 proviso
689 2323 957 2413 adorti,
995 2326 1232 2422 primo
1277 2324 1591 2397 clamore
1625 2338 1844 2421 atque
1879 2324 2155 2422 impetu
2185 2346 2443 2420 cepere
2476 2349 2494 2392 t

371 2497 615 2563 Singulos,
636 2512 764 2549 metu
776 2518 862 2549 suo
876 2518 1132 2567 quemque,
1149 2519 1242 2566 pro
1256 2515 1389 2552 metu

370 2578 606 2641 cujusque
616 2612 631 2637 ,
645 2594 794 2642 quum
811 2580 1016 2643 quisque
1029 2581 1123 2629 sibi
1134 2592 1385 2630 metueret.

443 2664 492 2712 4.
513 2656 757 2705 AEdilibus
775 2658 914 2705 velue
923 2658 1175 2722 publicum
1199 2658 1391 2723 exigen-

369 2736 495 2785 tibus
530 2753 681 2801 opus,
713 2736 995 2785 curantibus
1014 2770 1029 2795 ,
1063 2748 1119 2786 ut
1160 2735 1389 2798 aedificia,

371 2826 600 2879 tanquam
631 2815 832 2881 publica
865 2827 1054 2875 essent,
1083 2826 1134 2864 et
1167 2816 1307 2864 ocius
1340 2815 1391 2863 et

369 2905 500 2943 recte
524 2905 902 2943 astruerentur.
928 2894 1141 2960 Exigere
1157 2930 1174 2952 ,
1210 2894 1390 2943 exami-

369 2989 485 3021 nare
499 3007 514 3031 ,
550 2975 805 3038 exquirere
818 3008 834 3034 ‚
873 2974 1102 3023 dicuntur
1142 2984 1389 3023 curatores

371 3051 570 3113 alicujus
591 3055 689 3113 rei,
711 3070 863 3117 quum
886 3065 970 3103 aut
986 3054 1163 3115 jubent
1180 3051 1289 3102 fieri
1304 3053 1389 3101 ali-

369 3128 509 3193 quid,
518 3142 602 3179 aut
614 3131 794 3180 factum
805 3148 833 3179 a
845 3133 1235 3198 redemptoribus
1246 3123 1416 3192 iisve,“

372 3208 458 3270 qui
492 3207 735 3258 debebant
748 3244 763 3269 ,
797 3212 1101 3276 perspiciunt
1142 3211 1390 3277 probandi

372 3302 515 3335 eausa
521 3298 605 3338 aut
612 3287 1001 3353 reprehendendi
1010 3306 1025 3351 ;
1035 3291 1259 3355 inprimis
1266 3293 1390 3341 Cen·

371 3381 529 3424 sores,
549 3365 635 3429 qui
656 3378 793 3414 sar-ea
815 3378 968 3427 tecta,
990 3369 1040 3416 h.
1062 3385 1105 3416 e.
1129 3385 1277 3433 opera
1300 3386 1390 3434 pu-

368 3444 499 3497 bliea
512 3477 527 3504 ,
556 3443 804 3509 precipue
828 3446 1033 3511 templa,
1057 3458 1161 3496 tum
1178 3447 1305 3495 tueri
1319 3448 1389 3496 di-

370 3534 549 3572 cuntur
565 3521 643 3590 (ut
654 3525 849 3583 xm,
874 3539 894 3569 1
904 3523 974 3589 8),
989 3525 1040 3573 h.
1057 3542 1099 3573 e.
1119 3543 1390 3591 supremam

371 3617 540 3651 eorum
567 3617 731 3654 curam
758 3602 965 3663 habere,
995 3619 1146 3667 eaque
1170 3605 1232 3652 ab
1255 3607 1390 3654 omni

370 3681 664 3738 detrimento
692 3683 879 3730 sincera
903 3693 952 3730 et
975 3682 1166 3747 integra
1192 3699 1387 3732 conser-

369 3777 483 3810 vare
493 3778 551 3810 ac
564 3777 803 3827 reparare,
821 3772 926 3809 tum
939 3761 1104 3808 locare
1114 3754 1400 3827 redempto?

368 3841 529 3899 ribus,
568 3853 625 3889 ut
655 3847 750 3889 'aut
784 3855 915 3888 nova
953 3838 1273 3899 aedificentur,
1302 3854 1387 3891 aut

366 3920 660 3979 sarciantur,
689 3919 734 3967 si
762 3918 884 3983 quid
907 3919 961 3966 in
980 3917 1042 3966 iis
1063 3931 1148 3968 aut
1166 3920 1276 3968 vitii
1298 3921 1387 3981 sit,

370 4011 454 4048 aut
474 4000 647 4049 melius
670 4014 915 4047 novumve
937 3998 1284 4048 exstruendum
1302 3998 1385 4066 (v.

373 4077 517 4138 adv,
542 4080 636 4139 23,
659 4094 710 4128 n.
741 4076 827 4143 6),
864 4090 972 4128 tum
1007 4078 1203 4145 exigere
1243 4078 1386 4146 (vide

1476 2506 1683 2562 xm,
1708 2504 1799 2565 373
1822 2506 1966 2552 XLII
1980 2538 1994 2562 ,
2021 2504 2090 2568 3),
2106 2503 2157 2553 h.
2173 2519 2216 2551 e.
2226 2502 2497 2568 inspicere,

1476 2582 1520 2628 si
1536 2597 1662 2645 opus
1680 2598 1708 2629 e
1729 2583 1837 2646 lege
1855 2584 2074 2632 censoria
2090 2584 2172 2632 vel
2189 2583 2451 2633 locationis
2467 2599 2497 2631 a

1475 2660 1866 2725 redemptoribus
1882 2662 2062 2710 factum
2075 2663 2167 2711 sit:
2184 2664 2319 2727 quod
2334 2661 2497 2711 Graeei

1476 2736 1679 2806 ῥάπτειν
1705 2734 1963 2808 οἰκοδομὴν
1989 2754 2039 2793 et
2059 2741 2385 2812 ὓπορῥαῖπτειν
2415 2745 2492 2793 di·

1477 2827 1627 2875 eunt3
1652 2817 1844 2865 Ernesti
1866 2817 1919 2864 in
1946 2819 2081 2867 clave
2108 2820 2265 2867 Cicer.
2286 2823 2413 2867 Tum
2438 2837 2495 2869 ea

1475 2894 1556 2941 vel
1572 2894 1793 2957 probant
1807 2895 1886 2942 vel
1907 2894 2213 2961 improbant3
2243 2915 2293 2944 v.
2319 2898 2382 2945 ad
2404 2897 2504 2959 IV,

1478 2988 1541 3021 22
1560 3006 1575 3030 ‚
1608 2988 1660 3022 n.
1687 2973 1734 3020 5.
1759 2972 1889 3020 Hine
1912 2985 1961 3022 et
1984 2986 2190 3022 exactor
2206 2975 2387 3039 operis,
2412 2993 2498 3026 ex-

1474 3052 1713 3117 plorator,
1729 3052 2008 3117 inquisitor,
2027 3055 2183 3114 XLV,
2206 3056 2288 3116 37,
2308 3072 2357 3102 n.
2375 3063 2497 3110 4.-

1476 3131 1791 3180 Admonebat
1815 3132 1942 3180 enim
1968 3148 2077 3193 eos,
2103 3145 2161 3183 ut
2184 3134 2497 3195 festinarent,

1476 3207 1921 3280 desideriumjusus,
1947 3212 2085 3275 quod
2110 3213 2271 3278 primo
2298 3230 2503 3279 quoque·

1476 3301 1697 3354 tempore
1724 3290 1910 3338 aedibus
1941 3290 2013 3338 uti
2040 3307 2185 3355 posse
2215 3292 2499 3356 cupiebant.

1475 3396 1547 3405 -—
1561 3371 1714 3418 Exitu
1732 3370 1855 3417 anni
1868 3369 2066 3417 comitia
2085 3370 2384 3419 tribunorum
2405 3372 2496 3422 11ιί-

1477 3447 1614 3496 litum
1631 3448 1878 3497 consulari
1881 3459 2125 3512 potestate
2141 3447 2327 3498 habita.
2351 3449 2498 3498 Crea-

1478 3526 1540 3583 ci,
1563 3538 1657 3576 etc.
1671 3527 1784 3574 vide
1801 3527 2047 3575 Drakenb.
2072 3527 2137 3576 ad
2153 3527 2284 3577 hunc
2304 3528 2493 3589 locum,

1475 3605 1564 3652 ubi
1597 3606 1901 3670 propositam
1927 3621 1957 3654 a
1988 3606 2245 3655 Gronovio
2270 3605 2494 3656 emenda-

1474 3683 1661 3731 tionem
1685 3683 1832 3731 refert
1853 3694 1903 3730 et
1932 3676 2199 3734 dilucidat..
2213 3685 2301 3746 En.
2321 3710 2391 3722 --
2412 3685 2493 3736 Ab

1474 3760 1616 3818 odio,
1649 3761 1762 3808 vide
1784 3761 1847 3808 ad
1869 3764 1918 3820 1,
1950 3777 1970 3806 1
1986 3795 2001 3819 ,
2033 3778 2085 3808 n.
2115 3761 2244 3808 5.-
2262 3761 2325 3808 Vi
2343 3774 2491 3827 capta

1472 3838 1747 3902 dirutaque.
1758 3838 2102 3890 Ultimumhoc
2118 3838 2317 3887 verbum
2327 3874 2341 3900 ‚
2356 3841 2492 3905 quod

1474 3921 1697 3968 Gronov.
1722 3918 1979 3967 delendum
2006 3917 2494 3985 suspicabatursplu-

1473 4013 1553 4045 res
1564 4031 1579 4057 ‚
1596 4009 1718 4047 teste
1732 3999 1878 4048 Drak-
1892 4033 1905 4057 ,
1924 3997 2181 4057 omittunt,
2203 4010 2251 4047 et
2266 3999 2504 4070 inprimis.

1474 4077 1662 4127 Nostri.
1685 4080 1775 4128 Eu.
