<?xml version="1.0" encoding="UTF-8"?>
<!DOCTYPE html PUBLIC "-//W3C//DTD XHTML 1.0 Transitional//EN"
    "http://www.w3.org/TR/xhtml1/DTD/xhtml1-transitional.dtd">
<html xmlns="http://www.w3.org/1999/xhtml" xml:lang="en" lang="en">
 <head>
  <title>
</title>
<meta http-equiv="Content-Type" content="text/html;charset=utf-8" />
  <meta name='ocr-system' content='tesseract 3.04.00' />
  <meta name='ocr-capabilities' content='ocr_page ocr_carea ocr_par ocr_line ocrx_word'/>
</head>
<body>
  <div class='ocr_page' id='page_1' title='image "./titusliviuspata00unkngoog_0378.png"; bbox 0 0 3000 4717; ppageno 0'>
   <div class='ocr_carea' id='block_1_1' title="bbox 534 365 672 449">
    <p class='ocr_par' dir='ltr' id='par_1_1' title="bbox 534 365 672 449">
     <span class='ocr_line' id='line_1_1' title="bbox 534 365 672 449; baseline 0 -13"><span class='ocrx_word' id='word_1_1' title='bbox 534 365 672 449; x_wconf 73' lang='lat'><strong>384</strong></span> 
     </span>
    </p>
   </div>
   <div class='ocr_carea' id='block_1_2' title="bbox 1372 359 1802 428">
    <p class='ocr_par' dir='ltr' id='par_1_2' title="bbox 1372 359 1802 428">
     <span class='ocr_line' id='line_1_2' title="bbox 1372 359 1802 428; baseline -0.009 0"><span class='ocrx_word' id='word_1_2' title='bbox 1372 364 1452 428; x_wconf 84' lang='lat' dir='ltr'><strong>T.</strong></span> <span class='ocrx_word' id='word_1_3' title='bbox 1519 359 1802 428; x_wconf 86' lang='lat' dir='ltr'>LIVII</span> 
     </span>
    </p>
   </div>
   <div class='ocr_carea' id='block_1_3' title="bbox 2337 332 2597 442">
    <p class='ocr_par' dir='ltr' id='par_1_3' title="bbox 2337 332 2597 442">
     <span class='ocr_line' id='line_1_3' title="bbox 2341 332 2597 380; baseline 0.012 -9"><span class='ocrx_word' id='word_1_4' title='bbox 2341 335 2389 371; x_wconf 68' lang='lat' dir='ltr'><strong>A.</strong></span> <span class='ocrx_word' id='word_1_5' title='bbox 2415 332 2468 372; x_wconf 82' lang='lat' dir='ltr'><strong>C.</strong></span> <span class='ocrx_word' id='word_1_6' title='bbox 2494 334 2597 380; x_wconf 69' lang='lat'><strong>346.</strong></span> 
     </span>
     <span class='ocr_line' id='line_1_4' title="bbox 2337 392 2597 442; baseline 0.012 -11"><span class='ocrx_word' id='word_1_7' title='bbox 2337 392 2393 432; x_wconf 80' lang='lat'><strong>11.</strong></span> <span class='ocrx_word' id='word_1_8' title='bbox 2416 394 2465 433; x_wconf 86' lang='lat' dir='ltr'><strong>C.</strong></span> <span class='ocrx_word' id='word_1_9' title='bbox 2492 396 2597 442; x_wconf 64' lang='lat'><strong>⁴06.</strong></span> 
     </span>
    </p>
   </div>
   <div class='ocr_carea' id='block_1_4' title="bbox 524 474 2655 1791">
    <p class='ocr_par' dir='ltr' id='par_1_4' title="bbox 524 474 2655 1791">
     <span class='ocr_line' id='line_1_5' title="bbox 622 474 2655 578; baseline -0.006 -21"><span class='ocrx_word' id='word_1_10' title='bbox 622 490 840 557; x_wconf 85' lang='lat' dir='ltr'><strong>XXV.</strong></span> <span class='ocrx_word' id='word_1_11' title='bbox 896 484 1097 556; x_wconf 80' lang='lat' dir='ltr'>Prius</span> <span class='ocrx_word' id='word_1_12' title='bbox 1138 506 1358 578; x_wconf 91' lang='lat' dir='ltr'><strong>quam</strong></span> <span class='ocrx_word' id='word_1_13' title='bbox 1393 482 1663 552; x_wconf 87' lang='lat' dir='ltr'><strong>inirent</strong></span> <span class='ocrx_word' id='word_1_14' title='bbox 1697 478 1869 547; x_wconf 83' lang='lat' dir='ltr'><strong>novi</strong></span> <span class='ocrx_word' id='word_1_15' title='bbox 1909 474 2240 547; x_wconf 88' lang='lat' dir='ltr'><strong>consules</strong></span> <span class='ocrx_word' id='word_1_16' title='bbox 2277 476 2655 572; x_wconf 84' lang='lat' dir='ltr'><strong>magistra-</strong></span> 
     </span>
     <span class='ocr_line' id='line_1_6' title="bbox 531 584 2652 691; baseline -0.005 -24"><span class='ocrx_word' id='word_1_17' title='bbox 531 610 685 667; x_wconf 90' lang='lat' dir='ltr'><strong>tum</strong></span> <span class='ocrx_word' id='word_1_18' title='bbox 710 650 729 683; x_wconf 95' lang='lat'>,</span> <span class='ocrx_word' id='word_1_19' title='bbox 765 592 1177 691; x_wconf 87' lang='lat' dir='ltr'><strong>triumphus</strong></span> <span class='ocrx_word' id='word_1_20' title='bbox 1213 617 1253 663; x_wconf 89' lang='lat' dir='ltr'><strong>a</strong></span> <span class='ocrx_word' id='word_1_21' title='bbox 1289 591 1594 688; x_wconf 88' lang='lat' dir='ltr'><strong>Popillio</strong></span> <span class='ocrx_word' id='word_1_22' title='bbox 1631 588 1722 659; x_wconf 94' lang='lat' dir='ltr'><strong>de</strong></span> <span class='ocrx_word' id='word_1_23' title='bbox 1755 586 1973 658; x_wconf 89' lang='lat' dir='ltr'><strong>Gallis</strong></span> <span class='ocrx_word' id='word_1_24' title='bbox 2010 601 2210 658; x_wconf 82' lang='lat' dir='ltr'><strong>actus</strong></span> <span class='ocrx_word' id='word_1_25' title='bbox 2246 609 2505 683; x_wconf 84' lang='lat' dir='ltr'><strong>magno</strong></span> <span class='ocrx_word' id='word_1_26' title='bbox 2532 584 2652 657; x_wconf 85' lang='lat' dir='ltr'><strong>fa-</strong></span> 
     </span>
     <span class='ocr_line' id='line_1_7' title="bbox 524 695 2649 803; baseline -0.006 -25"><span class='ocrx_word' id='word_1_27' title='bbox 524 730 700 778; x_wconf 86' lang='lat' dir='ltr'><strong>vore</strong></span> <span class='ocrx_word' id='word_1_28' title='bbox 737 703 969 803; x_wconf 87' lang='lat' dir='ltr'><strong>plebis</strong></span> <span class='ocrx_word' id='word_1_29' title='bbox 998 731 1012 773; x_wconf 78' lang='lat' dir='ltr'><strong><em>z</em></strong></span> <span class='ocrx_word' id='word_1_30' title='bbox 1047 716 1594 798; x_wconf 83' lang='lat' dir='ltr'><strong>mussantesque</strong></span> <span class='ocrx_word' id='word_1_31' title='bbox 1617 711 1638 742; x_wconf 83' lang='lat'>¹</span> <span class='ocrx_word' id='word_1_32' title='bbox 1673 700 1864 769; x_wconf 90' lang='lat' dir='ltr'><strong>inter</strong></span> <span class='ocrx_word' id='word_1_33' title='bbox 1900 722 1976 769; x_wconf 92' lang='lat' dir='ltr'><strong>se</strong></span> <span class='ocrx_word' id='word_1_34' title='bbox 2000 695 2437 795; x_wconf 72' lang='lat' dir='ltr'>rogitabant,</span> <span class='ocrx_word' id='word_1_35' title='bbox 2464 721 2649 767; x_wconf 85' lang='lat' dir='ltr'><strong>num</strong></span> 
     </span>
     <span class='ocr_line' id='line_1_8' title="bbox 527 807 2649 916; baseline -0.006 -26"><span class='ocrx_word' id='word_1_36' title='bbox 527 842 735 916; x_wconf 85' lang='lat' dir='ltr'><strong>quem</strong></span> <span class='ocrx_word' id='word_1_37' title='bbox 753 815 1019 913; x_wconf 80' lang='lat' dir='ltr'><strong>plebeii</strong></span> <span class='ocrx_word' id='word_1_38' title='bbox 1050 813 1360 886; x_wconf 79' lang='lat' dir='ltr'><strong>consulis</strong></span> <span class='ocrx_word' id='word_1_39' title='bbox 1379 811 1800 909; x_wconf 73' lang='lat' dir='ltr'><strong>poem‘teretP</strong></span> <span class='ocrx_word' id='word_1_40' title='bbox 1826 807 2054 880; x_wconf 89' lang='lat' dir='ltr'><strong>Simul</strong></span> <span class='ocrx_word' id='word_1_41' title='bbox 2087 807 2509 879; x_wconf 84' lang='lat' dir='ltr'><strong>dictatorem</strong></span> <span class='ocrx_word' id='word_1_42' title='bbox 2533 808 2649 877; x_wconf 89' lang='lat' dir='ltr'><strong>in-</strong></span> 
     </span>
     <span class='ocr_line' id='line_1_9' title="bbox 530 918 2652 1024; baseline -0.005 -25"><span class='ocrx_word' id='word_1_43' title='bbox 530 924 956 1024; x_wconf 82' lang='lat' dir='ltr'>crepabant,</span> <span class='ocrx_word' id='word_1_44' title='bbox 985 925 1112 1020; x_wconf 88' lang='lat' dir='ltr'><strong>qui</strong></span> <span class='ocrx_word' id='word_1_45' title='bbox 1148 922 1323 1020; x_wconf 87' lang='lat' dir='ltr'><strong>legis</strong></span> <span class='ocrx_word' id='word_1_46' title='bbox 1360 923 1614 993; x_wconf 80' lang='lat' dir='ltr'><strong>liciniae</strong></span> <span class='ocrx_word' id='word_1_47' title='bbox 1650 935 1905 1018; x_wconf 82' lang='lat' dir='ltr'><strong>spretae</strong></span> <span class='ocrx_word' id='word_1_48' title='bbox 1941 918 2345 990; x_wconf 87' lang='lat' dir='ltr'><strong>mercedem</strong></span> <span class='ocrx_word' id='word_1_49' title='bbox 2380 943 2652 989; x_wconf 90' lang='lat' dir='ltr'><strong>consu-</strong></span> 
     </span>
     <span class='ocr_line' id='line_1_10' title="bbox 530 1027 2651 1133; baseline -0.006 -23"><span class='ocrx_word' id='word_1_50' title='bbox 530 1038 751 1110; x_wconf 88' lang='lat' dir='ltr'><strong>latum</strong></span> <span class='ocrx_word' id='word_1_51' title='bbox 772 1090 791 1123; x_wconf 96' lang='lat'>,</span> <span class='ocrx_word' id='word_1_52' title='bbox 828 1036 1101 1133; x_wconf 86' lang='lat' dir='ltr'><strong>privata</strong></span> <span class='ocrx_word' id='word_1_53' title='bbox 1136 1032 1554 1130; x_wconf 85' lang='lat' dir='ltr'><strong>cupiditate,</strong></span> <span class='ocrx_word' id='word_1_54' title='bbox 1605 1053 1822 1128; x_wconf 86' lang='lat' dir='ltr'><strong>quam</strong></span> <span class='ocrx_word' id='word_1_55' title='bbox 1862 1028 2152 1126; x_wconf 87' lang='lat' dir='ltr'><strong>publica</strong></span> <span class='ocrx_word' id='word_1_56' title='bbox 2188 1029 2478 1125; x_wconf 86' lang='lat' dir='ltr'><strong>injuria,</strong></span> <span class='ocrx_word' id='word_1_57' title='bbox 2509 1027 2651 1098; x_wconf 88' lang='lat' dir='ltr'><strong>foe-</strong></span> 
     </span>
     <span class='ocr_line' id='line_1_11' title="bbox 530 1141 2646 1243; baseline -0.006 -24"><span class='ocrx_word' id='word_1_58' title='bbox 530 1148 810 1219; x_wconf 86' lang='lat' dir='ltr'><strong>diorem</strong></span> <span class='ocrx_word' id='word_1_59' title='bbox 827 1200 847 1234; x_wconf 93' lang='lat'><strong>,</strong></span> <span class='ocrx_word' id='word_1_60' title='bbox 868 1146 1171 1243; x_wconf 87' lang='lat' dir='ltr'><strong>cepisset</strong></span> <span class='ocrx_word' id='word_1_61' title='bbox 1190 1199 1209 1232; x_wconf 94' lang='lat'><strong>,</strong></span> <span class='ocrx_word' id='word_1_62' title='bbox 1229 1157 1311 1214; x_wconf 89' lang='lat' dir='ltr'><strong>ut</strong></span> <span class='ocrx_word' id='word_1_63' title='bbox 1340 1167 1415 1215; x_wconf 87' lang='lat' dir='ltr'><strong>se</strong></span> <span class='ocrx_word' id='word_1_64' title='bbox 1443 1144 1595 1241; x_wconf 88' lang='lat' dir='ltr'><strong>ipse</strong></span> <span class='ocrx_word' id='word_1_65' title='bbox 1619 1141 1989 1213; x_wconf 89' lang='lat' dir='ltr'><strong>consulem</strong></span> <span class='ocrx_word' id='word_1_66' title='bbox 2013 1142 2319 1211; x_wconf 90' lang='lat' dir='ltr'><strong>dictator</strong></span> <span class='ocrx_word' id='word_1_67' title='bbox 2340 1151 2646 1209; x_wconf 85' lang='lat' dir='ltr'><strong>crearet.</strong></span> 
     </span>
     <span class='ocr_line' id='line_1_12' title="bbox 527 1248 2653 1350; baseline -0.004 -22"><span class='ocrx_word' id='word_1_68' title='bbox 527 1261 781 1329; x_wconf 86' lang='lat' dir='ltr'><strong>Annus</strong></span> <span class='ocrx_word' id='word_1_69' title='bbox 806 1256 1051 1327; x_wconf 89' lang='lat' dir='ltr'><strong>multis</strong></span> <span class='ocrx_word' id='word_1_70' title='bbox 1081 1255 1441 1350; x_wconf 82' lang='lat' dir='ltr'><strong>variisque</strong></span> <span class='ocrx_word' id='word_1_71' title='bbox 1477 1252 1797 1324; x_wconf 90' lang='lat' dir='ltr'><strong>motibus</strong></span> <span class='ocrx_word' id='word_1_72' title='bbox 1830 1251 1963 1323; x_wconf 88' lang='lat' dir='ltr'><strong>fuit</strong></span> <span class='ocrx_word' id='word_1_73' title='bbox 1988 1252 2306 1349; x_wconf 83' lang='lat' dir='ltr'><strong>insignis.</strong></span> <span class='ocrx_word' id='word_1_74' title='bbox 2334 1248 2518 1322; x_wconf 89' lang='lat' dir='ltr'><strong>Galli</strong></span> <span class='ocrx_word' id='word_1_75' title='bbox 2555 1273 2653 1319; x_wconf 82' lang='lat' dir='ltr'><strong>ex</strong></span> 
     </span>
     <span class='ocr_line' id='line_1_13' title="bbox 528 1361 2653 1462; baseline -0.007 -22"><span class='ocrx_word' id='word_1_76' title='bbox 528 1367 803 1440; x_wconf 88' lang='lat' dir='ltr'><strong>albanis</strong></span> <span class='ocrx_word' id='word_1_77' title='bbox 829 1366 1201 1438; x_wconf 88' lang='lat' dir='ltr'><strong>montibus</strong></span> <span class='ocrx_word' id='word_1_78' title='bbox 1223 1420 1242 1453; x_wconf 95' lang='lat'>,</span> <span class='ocrx_word' id='word_1_79' title='bbox 1270 1366 1439 1462; x_wconf 88' lang='lat' dir='ltr'><strong>quia</strong></span> <span class='ocrx_word' id='word_1_80' title='bbox 1467 1364 1748 1459; x_wconf 87' lang='lat' dir='ltr'><strong>hyemis</strong></span> <span class='ocrx_word' id='word_1_81' title='bbox 1782 1364 1925 1434; x_wconf 84' lang='lat' dir='ltr'><strong>vim</strong></span> <span class='ocrx_word' id='word_1_82' title='bbox 1952 1362 2100 1460; x_wconf 91' lang='lat' dir='ltr'><strong>pati</strong></span> <span class='ocrx_word' id='word_1_83' title='bbox 2133 1361 2653 1457; x_wconf 86' lang='lat' dir='ltr'><strong>nequiverant,</strong></span> 
     </span>
     <span class='ocr_line' id='line_1_14' title="bbox 534 1469 2654 1576; baseline -0.007 -27"><span class='ocrx_word' id='word_1_84' title='bbox 534 1501 668 1576; x_wconf 91' lang='lat' dir='ltr'><strong>per</strong></span> <span class='ocrx_word' id='word_1_85' title='bbox 690 1501 983 1574; x_wconf 90' lang='lat' dir='ltr'><strong>campos</strong></span> <span class='ocrx_word' id='word_1_86' title='bbox 1005 1476 1506 1572; x_wconf 83' lang='lat' dir='ltr'><strong>maritimaque</strong></span> <span class='ocrx_word' id='word_1_87' title='bbox 1524 1473 1680 1544; x_wconf 91' lang='lat' dir='ltr'><strong>loca</strong></span> <span class='ocrx_word' id='word_1_88' title='bbox 1702 1473 1859 1571; x_wconf 84' lang='lat' dir='ltr'><strong>vagi</strong></span> <span class='ocrx_word' id='word_1_89' title='bbox 1878 1469 2432 1570; x_wconf 83' lang='lat' dir='ltr'><strong>populabantur.</strong></span> <span class='ocrx_word' id='word_1_90' title='bbox 2448 1471 2654 1537; x_wconf 89' lang='lat' dir='ltr'><strong>Mare</strong></span> 
     </span>
     <span class='ocr_line' id='line_1_15' title="bbox 533 1578 2651 1676; baseline -0.006 -18"><span class='ocrx_word' id='word_1_91' title='bbox 533 1587 876 1658; x_wconf 87' lang='lat' dir='ltr'><strong>infestum</strong></span> <span class='ocrx_word' id='word_1_92' title='bbox 915 1585 1259 1658; x_wconf 90' lang='lat' dir='ltr'><strong>classibus</strong></span> <span class='ocrx_word' id='word_1_93' title='bbox 1284 1589 1700 1655; x_wconf 79' lang='lat' dir='ltr'><strong>Graecorum</strong></span> <span class='ocrx_word' id='word_1_94' title='bbox 1733 1597 1881 1654; x_wconf 84' lang='lat' dir='ltr'><strong>erat</strong></span> <span class='ocrx_word' id='word_1_95' title='bbox 1898 1636 1918 1670; x_wconf 94' lang='lat'>,</span> <span class='ocrx_word' id='word_1_96' title='bbox 1962 1604 2235 1676; x_wconf 89' lang='lat' dir='ltr'><strong>oraque</strong></span> <span class='ocrx_word' id='word_1_97' title='bbox 2269 1578 2496 1650; x_wconf 85' lang='lat' dir='ltr'><strong>litoris</strong></span> <span class='ocrx_word' id='word_1_98' title='bbox 2521 1600 2651 1646; x_wconf 91' lang='lat' dir='ltr'><strong>an-</strong></span> 
     </span>
     <span class='ocr_line' id='line_1_16' title="bbox 533 1691 2647 1791; baseline -0.005 -25"><span class='ocrx_word' id='word_1_99' title='bbox 533 1697 722 1766; x_wconf 83' lang='lat' dir='ltr'><strong>tiatis</strong></span> <span class='ocrx_word' id='word_1_100' title='bbox 743 1749 763 1783; x_wconf 93' lang='lat'>,</span> <span class='ocrx_word' id='word_1_101' title='bbox 802 1695 1237 1791; x_wconf 86' lang='lat' dir='ltr'><strong>laurensque</strong></span> <span class='ocrx_word' id='word_1_102' title='bbox 1278 1708 1585 1781; x_wconf 89' lang='lat' dir='ltr'><strong>tractus,</strong></span> <span class='ocrx_word' id='word_1_103' title='bbox 1621 1707 1691 1764; x_wconf 89' lang='lat' dir='ltr'><strong>et</strong></span> <span class='ocrx_word' id='word_1_104' title='bbox 1728 1691 2003 1763; x_wconf 88' lang='lat' dir='ltr'><strong>Tiberis</strong></span> <span class='ocrx_word' id='word_1_105' title='bbox 2042 1691 2255 1777; x_wconf 88' lang='lat' dir='ltr'><strong>ostia;</strong></span> <span class='ocrx_word' id='word_1_106' title='bbox 2292 1698 2419 1759; x_wconf 77' lang='lat' dir='ltr'><strong>ut²</strong></span> <span class='ocrx_word' id='word_1_107' title='bbox 2461 1710 2647 1785; x_wconf 83' lang='lat' dir='ltr'><strong>prae-</strong></span> 
     </span>
    </p>
   </div>
   <div class='ocr_carea' id='block_1_5' title="bbox 532 1909 1557 4172">
    <p class='ocr_par' dir='ltr' id='par_1_5' title="bbox 532 1909 1557 4172">
     <span class='ocr_line' id='line_1_17' title="bbox 536 1909 1552 1975; baseline -0.002 -18"><span class='ocrx_word' id='word_1_108' title='bbox 536 1909 672 1958; x_wconf 83' lang='lat' dir='ltr'><strong>navit</strong></span> <span class='ocrx_word' id='word_1_109' title='bbox 710 1912 814 1959; x_wconf 82' lang='lat' dir='ltr'><strong>sine</strong></span> <span class='ocrx_word' id='word_1_110' title='bbox 860 1912 1103 1971; x_wconf 79' lang='lat' dir='ltr'><strong>comitiis3</strong></span> <span class='ocrx_word' id='word_1_111' title='bbox 1144 1909 1552 1975; x_wconf 79' lang='lat' dir='ltr'><strong>quemadmodum</strong></span> 
     </span>
     <span class='ocr_line' id='line_1_18' title="bbox 534 1987 1554 2051; baseline -0.003 -14"><span class='ocrx_word' id='word_1_112' title='bbox 534 1990 758 2037; x_wconf 88' lang='lat' dir='ltr'><strong>consules</strong></span> <span class='ocrx_word' id='word_1_113' title='bbox 807 1990 977 2038; x_wconf 87' lang='lat' dir='ltr'><strong>dicunt</strong></span> <span class='ocrx_word' id='word_1_114' title='bbox 1022 1990 1309 2039; x_wconf 78' lang='lat' dir='ltr'><strong>dictatorem</strong></span> <span class='ocrx_word' id='word_1_115' title='bbox 1347 1987 1554 2051; x_wconf 88' lang='lat' dir='ltr'><strong>(confer</strong></span> 
     </span>
     <span class='ocr_line' id='line_1_19' title="bbox 535 2066 1553 2134; baseline -0.003 -18"><span class='ocrx_word' id='word_1_116' title='bbox 535 2069 663 2117; x_wconf 81' lang='lat' dir='ltr'><strong>Plnt.</strong></span> <span class='ocrx_word' id='word_1_117' title='bbox 688 2068 907 2117; x_wconf 83' lang='lat' dir='ltr'><strong>Marcell.</strong></span> <span class='ocrx_word' id='word_1_118' title='bbox 935 2085 1045 2134; x_wconf 87' lang='lat' dir='ltr'><strong>pag.</strong></span> <span class='ocrx_word' id='word_1_119' title='bbox 1070 2066 1225 2132; x_wconf 77' lang='lat'>312),</span> <span class='ocrx_word' id='word_1_120' title='bbox 1243 2079 1292 2116; x_wconf 89' lang='lat' dir='ltr'><strong>et</strong></span> <span class='ocrx_word' id='word_1_121' title='bbox 1316 2083 1378 2115; x_wconf 80' lang='lat' dir='ltr'><strong>cx</strong></span> <span class='ocrx_word' id='word_1_122' title='bbox 1403 2066 1553 2114; x_wconf 80' lang='lat' dir='ltr'><strong>tribu·</strong></span> 
     </span>
     <span class='ocr_line' id='line_1_20' title="bbox 534 2145 1552 2212; baseline -0.003 -17"><span class='ocrx_word' id='word_1_123' title='bbox 534 2147 613 2196; x_wconf 86' lang='lat' dir='ltr'><strong>nis</strong></span> <span class='ocrx_word' id='word_1_124' title='bbox 654 2146 721 2212; x_wconf 86' lang='lat' dir='ltr'><strong>pl.</strong></span> <span class='ocrx_word' id='word_1_125' title='bbox 738 2181 752 2206; x_wconf 94' lang='lat'><strong>,</strong></span> <span class='ocrx_word' id='word_1_126' title='bbox 797 2148 839 2195; x_wconf 80' lang='lat' dir='ltr'><strong>si</strong></span> <span class='ocrx_word' id='word_1_127' title='bbox 880 2163 1050 2196; x_wconf 88' lang='lat' dir='ltr'><strong>eorum</strong></span> <span class='ocrx_word' id='word_1_128' title='bbox 1088 2161 1317 2195; x_wconf 84' lang='lat' dir='ltr'><strong>numerus</strong></span> <span class='ocrx_word' id='word_1_129' title='bbox 1340 2145 1552 2193; x_wconf 82' lang='lat' dir='ltr'><strong>comitiis</strong></span> 
     </span>
     <span class='ocr_line' id='line_1_21' title="bbox 538 2223 1550 2292; baseline -0.005 -18"><span class='ocrx_word' id='word_1_130' title='bbox 538 2227 722 2290; x_wconf 82' lang='lat' dir='ltr'><strong>expleri</strong></span> <span class='ocrx_word' id='word_1_131' title='bbox 751 2243 852 2274; x_wconf 84' lang='lat' dir='ltr'><strong>non</strong></span> <span class='ocrx_word' id='word_1_132' title='bbox 879 2227 1071 2292; x_wconf 85' lang='lat' dir='ltr'><strong>potuit,</strong></span> <span class='ocrx_word' id='word_1_133' title='bbox 1109 2226 1193 2289; x_wconf 88' lang='lat' dir='ltr'><strong>qui</strong></span> <span class='ocrx_word' id='word_1_134' title='bbox 1213 2223 1362 2272; x_wconf 85' lang='lat' dir='ltr'><strong>creati</strong></span> <span class='ocrx_word' id='word_1_135' title='bbox 1391 2234 1550 2282; x_wconf 84' lang='lat' dir='ltr'><strong>erant,</strong></span> 
     </span>
     <span class='ocr_line' id='line_1_22' title="bbox 538 2302 1550 2368; baseline -0.005 -16"><span class='ocrx_word' id='word_1_136' title='bbox 538 2305 746 2368; x_wconf 83' lang='lat' dir='ltr'><strong>collegas</strong></span> <span class='ocrx_word' id='word_1_137' title='bbox 771 2304 865 2350; x_wconf 83' lang='lat' dir='ltr'><strong>sibi</strong></span> <span class='ocrx_word' id='word_1_138' title='bbox 895 2316 1123 2368; x_wconf 83' lang='lat' dir='ltr'><strong>poterant</strong></span> <span class='ocrx_word' id='word_1_139' title='bbox 1151 2313 1398 2366; x_wconf 86' lang='lat' dir='ltr'><strong>cooptare.</strong></span> <span class='ocrx_word' id='word_1_140' title='bbox 1438 2302 1550 2347; x_wconf 83' lang='lat' dir='ltr'><strong>Hoc</strong></span> 
     </span>
     <span class='ocr_line' id='line_1_23' title="bbox 537 2379 1553 2445; baseline -0.004 -15"><span class='ocrx_word' id='word_1_141' title='bbox 537 2384 667 2431; x_wconf 89' lang='lat' dir='ltr'><strong>enim</strong></span> <span class='ocrx_word' id='word_1_142' title='bbox 701 2381 911 2430; x_wconf 85' lang='lat' dir='ltr'><strong>tribunis</strong></span> <span class='ocrx_word' id='word_1_143' title='bbox 934 2382 1005 2445; x_wconf 86' lang='lat' dir='ltr'><strong>pl.</strong></span> <span class='ocrx_word' id='word_1_144' title='bbox 1023 2416 1039 2440; x_wconf 94' lang='lat'>,</span> <span class='ocrx_word' id='word_1_145' title='bbox 1071 2397 1175 2429; x_wconf 87' lang='lat' dir='ltr'><strong>non</strong></span> <span class='ocrx_word' id='word_1_146' title='bbox 1209 2380 1295 2427; x_wconf 88' lang='lat' dir='ltr'><strong>uni</strong></span> <span class='ocrx_word' id='word_1_147' title='bbox 1331 2379 1553 2438; x_wconf 74' lang='lat' dir='ltr'><strong>consulI,</strong></span> 
     </span>
     <span class='ocr_line' id='line_1_24' title="bbox 534 2457 1553 2524; baseline -0.004 -17"><span class='ocrx_word' id='word_1_148' title='bbox 534 2461 640 2524; x_wconf 83' lang='lat' dir='ltr'><strong>lege</strong></span> <span class='ocrx_word' id='word_1_149' title='bbox 657 2474 942 2506; x_wconf 87' lang='lat' dir='ltr'><strong>concessum</strong></span> <span class='ocrx_word' id='word_1_150' title='bbox 952 2493 968 2517; x_wconf 94' lang='lat'>,</span> <span class='ocrx_word' id='word_1_151' title='bbox 990 2474 1140 2522; x_wconf 87' lang='lat' dir='ltr'><strong>eaque</strong></span> <span class='ocrx_word' id='word_1_152' title='bbox 1156 2459 1237 2505; x_wconf 79' lang='lat' dir='ltr'><strong>lex</strong></span> <span class='ocrx_word' id='word_1_153' title='bbox 1252 2459 1352 2517; x_wconf 85' lang='lat' dir='ltr'><strong>jam</strong></span> <span class='ocrx_word' id='word_1_154' title='bbox 1367 2457 1553 2504; x_wconf 86' lang='lat' dir='ltr'><strong>dudum</strong></span> 
     </span>
     <span class='ocr_line' id='line_1_25' title="bbox 536 2535 1557 2600; baseline -0.004 -15"><span class='ocrx_word' id='word_1_155' title='bbox 536 2538 766 2600; x_wconf 83' lang='lat' dir='ltr'><strong>abrogata</strong></span> <span class='ocrx_word' id='word_1_156' title='bbox 787 2536 971 2595; x_wconf 81' lang='lat' dir='ltr'><strong>fuerat3</strong></span> <span class='ocrx_word' id='word_1_157' title='bbox 992 2536 1104 2583; x_wconf 81' lang='lat' dir='ltr'><strong>vide</strong></span> <span class='ocrx_word' id='word_1_158' title='bbox 1125 2538 1227 2594; x_wconf 94' lang='lat' dir='ltr'>III,</span> <span class='ocrx_word' id='word_1_159' title='bbox 1244 2538 1311 2591; x_wconf 76' lang='lat'><strong>64</strong></span> <span class='ocrx_word' id='word_1_160' title='bbox 1328 2570 1342 2593; x_wconf 95' lang='lat'><strong>,</strong></span> <span class='ocrx_word' id='word_1_161' title='bbox 1369 2535 1453 2582; x_wconf 84' lang='lat'><strong>65.</strong></span> <span class='ocrx_word' id='word_1_162' title='bbox 1472 2536 1557 2582; x_wconf 90' lang='lat' dir='ltr'><strong>Di·</strong></span> 
     </span>
     <span class='ocr_line' id='line_1_26' title="bbox 533 2614 1555 2678; baseline -0.003 -14"><span class='ocrx_word' id='word_1_163' title='bbox 533 2626 772 2676; x_wconf 66' lang='lat' dir='ltr'><strong>ctatorem</strong></span> <span class='ocrx_word' id='word_1_164' title='bbox 810 2630 928 2662; x_wconf 83' lang='lat' dir='ltr'><strong>vero</strong></span> <span class='ocrx_word' id='word_1_165' title='bbox 964 2631 1025 2662; x_wconf 84' lang='lat' dir='ltr'><strong>ex</strong></span> <span class='ocrx_word' id='word_1_166' title='bbox 1061 2615 1168 2678; x_wconf 87' lang='lat' dir='ltr'><strong>lege</strong></span> <span class='ocrx_word' id='word_1_167' title='bbox 1211 2614 1403 2664; x_wconf 88' lang='lat' dir='ltr'><strong>dicebat</strong></span> <span class='ocrx_word' id='word_1_168' title='bbox 1432 2614 1555 2662; x_wconf 88' lang='lat' dir='ltr'><strong>alter</strong></span> 
     </span>
     <span class='ocr_line' id='line_1_27' title="bbox 535 2694 1554 2758; baseline -0.003 -15"><span class='ocrx_word' id='word_1_169' title='bbox 535 2695 814 2753; x_wconf 87' lang='lat' dir='ltr'><strong>consulum,</strong></span> <span class='ocrx_word' id='word_1_170' title='bbox 840 2709 986 2758; x_wconf 89' lang='lat' dir='ltr'><strong>quem</strong></span> <span class='ocrx_word' id='word_1_171' title='bbox 1007 2694 1155 2742; x_wconf 83' lang='lat' dir='ltr'><strong>vellet</strong></span> <span class='ocrx_word' id='word_1_172' title='bbox 1175 2710 1237 2741; x_wconf 83' lang='lat' dir='ltr'><strong>ex</strong></span> <span class='ocrx_word' id='word_1_173' title='bbox 1251 2694 1337 2751; x_wconf 83' lang='lat' dir='ltr'><strong>iis,</strong></span> <span class='ocrx_word' id='word_1_174' title='bbox 1363 2694 1446 2757; x_wconf 86' lang='lat' dir='ltr'><strong>qui</strong></span> <span class='ocrx_word' id='word_1_175' title='bbox 1462 2710 1554 2757; x_wconf 86' lang='lat' dir='ltr'><strong>per</strong></span> 
     </span>
     <span class='ocr_line' id='line_1_28' title="bbox 534 2771 1553 2838; baseline -0.001 -17"><span class='ocrx_word' id='word_1_176' title='bbox 534 2774 691 2838; x_wconf 88' lang='lat' dir='ltr'><strong>legem</strong></span> <span class='ocrx_word' id='word_1_177' title='bbox 726 2774 988 2822; x_wconf 73' lang='lat' dir='ltr'><strong>dictatores</strong></span> <span class='ocrx_word' id='word_1_178' title='bbox 1011 2789 1114 2822; x_wconf 87' lang='lat' dir='ltr'><strong>esse</strong></span> <span class='ocrx_word' id='word_1_179' title='bbox 1140 2785 1370 2838; x_wconf 86' lang='lat' dir='ltr'><strong>poterant</strong></span> <span class='ocrx_word' id='word_1_180' title='bbox 1404 2771 1553 2836; x_wconf 84' lang='lat' dir='ltr'><strong>(vide</strong></span> 
     </span>
     <span class='ocr_line' id='line_1_29' title="bbox 535 2853 1551 2918; baseline -0.006 -16"><span class='ocrx_word' id='word_1_181' title='bbox 535 2855 613 2912; x_wconf 90' lang='lat'><strong>11,</strong></span> <span class='ocrx_word' id='word_1_182' title='bbox 640 2853 767 2918; x_wconf 83' lang='lat'>18);</span> <span class='ocrx_word' id='word_1_183' title='bbox 793 2865 841 2901; x_wconf 89' lang='lat' dir='ltr'><strong>et</strong></span> <span class='ocrx_word' id='word_1_184' title='bbox 866 2853 1141 2913; x_wconf 88' lang='lat' dir='ltr'><strong>consulem,</strong></span> <span class='ocrx_word' id='word_1_185' title='bbox 1166 2854 1251 2916; x_wconf 83' lang='lat' dir='ltr'><strong>qui</strong></span> <span class='ocrx_word' id='word_1_186' title='bbox 1272 2868 1397 2902; x_wconf 88' lang='lat' dir='ltr'><strong>unus</strong></span> <span class='ocrx_word' id='word_1_187' title='bbox 1419 2867 1551 2897; x_wconf 86' lang='lat' dir='ltr'><strong>crea-</strong></span> 
     </span>
     <span class='ocr_line' id='line_1_30' title="bbox 535 2930 1553 2997; baseline -0.005 -16"><span class='ocrx_word' id='word_1_188' title='bbox 535 2943 615 2981; x_wconf 84' lang='lat' dir='ltr'><strong>tus</strong></span> <span class='ocrx_word' id='word_1_189' title='bbox 642 2943 744 2981; x_wconf 86' lang='lat' dir='ltr'><strong>etat</strong></span> <span class='ocrx_word' id='word_1_190' title='bbox 758 2965 772 2990; x_wconf 93' lang='lat'><strong>,</strong></span> <span class='ocrx_word' id='word_1_191' title='bbox 810 2932 905 2980; x_wconf 86' lang='lat' dir='ltr'><strong>sibi</strong></span> <span class='ocrx_word' id='word_1_192' title='bbox 927 2948 1031 2980; x_wconf 88' lang='lat' dir='ltr'><strong>non</strong></span> <span class='ocrx_word' id='word_1_193' title='bbox 1055 2932 1274 2997; x_wconf 87' lang='lat' dir='ltr'><strong>potuisse</strong></span> <span class='ocrx_word' id='word_1_194' title='bbox 1297 2932 1365 2978; x_wconf 86' lang='lat' dir='ltr'><strong>ita</strong></span> <span class='ocrx_word' id='word_1_195' title='bbox 1390 2930 1553 2977; x_wconf 83' lang='lat' dir='ltr'><strong>dicere</strong></span> 
     </span>
     <span class='ocr_line' id='line_1_31' title="bbox 538 3010 1553 3076; baseline -0.006 -17"><span class='ocrx_word' id='word_1_196' title='bbox 538 3012 795 3076; x_wconf 78' lang='lat' dir='ltr'><strong>collegam,</strong></span> <span class='ocrx_word' id='word_1_197' title='bbox 826 3022 961 3076; x_wconf 87' lang='lat' dir='ltr'><strong>patet</strong></span> <span class='ocrx_word' id='word_1_198' title='bbox 982 3027 1046 3058; x_wconf 81' lang='lat' dir='ltr'><strong>ex</strong></span> <span class='ocrx_word' id='word_1_199' title='bbox 1075 3012 1257 3068; x_wconf 80' lang='lat' dir='ltr'><strong>xxu,</strong></span> <span class='ocrx_word' id='word_1_200' title='bbox 1285 3010 1365 3056; x_wconf 77' lang='lat'><strong>35.</strong></span> <span class='ocrx_word' id='word_1_201' title='bbox 1393 3010 1444 3055; x_wconf 90' lang='lat' dir='ltr'><strong>C.</strong></span> <span class='ocrx_word' id='word_1_202' title='bbox 1470 3011 1553 3054; x_wconf 89' lang='lat' dir='ltr'><strong>Te-</strong></span> 
     </span>
     <span class='ocr_line' id='line_1_32' title="bbox 535 3087 1553 3145; baseline -0.004 -9"><span class='ocrx_word' id='word_1_203' title='bbox 535 3090 716 3137; x_wconf 76' lang='lat' dir='ltr'><strong>rentius</strong></span> <span class='ocrx_word' id='word_1_204' title='bbox 734 3091 904 3138; x_wconf 83' lang='lat' dir='ltr'><strong>consul</strong></span> <span class='ocrx_word' id='word_1_205' title='bbox 913 3106 1035 3137; x_wconf 87' lang='lat' dir='ltr'><strong>unus</strong></span> <span class='ocrx_word' id='word_1_206' title='bbox 1047 3101 1256 3145; x_wconf 83' lang='lat' dir='ltr'><strong>creatur,</strong></span> <span class='ocrx_word' id='word_1_207' title='bbox 1277 3099 1330 3135; x_wconf 88' lang='lat' dir='ltr'><strong>ut</strong></span> <span class='ocrx_word' id='word_1_208' title='bbox 1340 3087 1390 3134; x_wconf 85' lang='lat' dir='ltr'><strong>in</strong></span> <span class='ocrx_word' id='word_1_209' title='bbox 1404 3103 1553 3132; x_wconf 88' lang='lat' dir='ltr'><strong>manu</strong></span> 
     </span>
     <span class='ocr_line' id='line_1_33' title="bbox 536 3166 1550 3233; baseline -0.003 -19"><span class='ocrx_word' id='word_1_210' title='bbox 536 3169 637 3233; x_wconf 85' lang='lat' dir='ltr'><strong>ejus</strong></span> <span class='ocrx_word' id='word_1_211' title='bbox 670 3180 825 3216; x_wconf 86' lang='lat' dir='ltr'><strong>essent</strong></span> <span class='ocrx_word' id='word_1_212' title='bbox 854 3169 1053 3216; x_wconf 84' lang='lat' dir='ltr'><strong>comitia</strong></span> <span class='ocrx_word' id='word_1_213' title='bbox 1078 3167 1297 3232; x_wconf 77' lang='lat' dir='ltr'><strong>rogando</strong></span> <span class='ocrx_word' id='word_1_214' title='bbox 1327 3166 1550 3229; x_wconf 70' lang='lat' dir='ltr'><strong>collegas,</strong></span> 
     </span>
     <span class='ocr_line' id='line_1_34' title="bbox 536 3244 1555 3305; baseline -0.004 -12"><span class='ocrx_word' id='word_1_215' title='bbox 536 3257 631 3293; x_wconf 90' lang='lat' dir='ltr'><strong>etc.</strong></span> <span class='ocrx_word' id='word_1_216' title='bbox 661 3247 842 3295; x_wconf 86' lang='lat' dir='ltr'><strong>Confer</strong></span> <span class='ocrx_word' id='word_1_217' title='bbox 865 3258 914 3295; x_wconf 87' lang='lat' dir='ltr'><strong>et</strong></span> <span class='ocrx_word' id='word_1_218' title='bbox 935 3248 1211 3303; x_wconf 77' lang='lat' dir='ltr'><strong>xxxvn,</strong></span> <span class='ocrx_word' id='word_1_219' title='bbox 1248 3253 1330 3304; x_wconf 76' lang='lat'><strong>47.</strong></span> <span class='ocrx_word' id='word_1_220' title='bbox 1381 3244 1555 3305; x_wconf 88' lang='lat' dir='ltr'><strong>Neque</strong></span> 
     </span>
     <span class='ocr_line' id='line_1_35' title="bbox 533 3325 1553 3389; baseline -0.002 -17"><span class='ocrx_word' id='word_1_221' title='bbox 533 3325 665 3373; x_wconf 85' lang='lat' dir='ltr'><strong>favet</strong></span> <span class='ocrx_word' id='word_1_222' title='bbox 684 3326 887 3389; x_wconf 77' lang='lat' dir='ltr'><strong>sigonio</strong></span> <span class='ocrx_word' id='word_1_223' title='bbox 903 3325 1040 3376; x_wconf 87' lang='lat' dir='ltr'><strong>locus</strong></span> <span class='ocrx_word' id='word_1_224' title='bbox 1056 3325 1296 3380; x_wconf 81' lang='lat' dir='ltr'><strong>Liv.v11‚</strong></span> <span class='ocrx_word' id='word_1_225' title='bbox 1320 3331 1413 3382; x_wconf 78' lang='lat'><strong>243</strong></span> <span class='ocrx_word' id='word_1_226' title='bbox 1438 3338 1553 3370; x_wconf 86' lang='lat' dir='ltr'><strong>nam</strong></span> 
     </span>
     <span class='ocr_line' id='line_1_36' title="bbox 534 3400 1551 3468; baseline -0.005 -17"><span class='ocrx_word' id='word_1_227' title='bbox 534 3404 745 3468; x_wconf 87' lang='lat' dir='ltr'><strong>primum</strong></span> <span class='ocrx_word' id='word_1_228' title='bbox 788 3405 903 3451; x_wconf 87' lang='lat' dir='ltr'><strong>satis</strong></span> <span class='ocrx_word' id='word_1_229' title='bbox 939 3413 1166 3467; x_wconf 87' lang='lat' dir='ltr'><strong>apparet,</strong></span> <span class='ocrx_word' id='word_1_230' title='bbox 1203 3401 1299 3448; x_wconf 86' lang='lat' dir='ltr'><strong>illis</strong></span> <span class='ocrx_word' id='word_1_231' title='bbox 1337 3400 1551 3448; x_wconf 87' lang='lat' dir='ltr'><strong>comitiis</strong></span> 
     </span>
     <span class='ocr_line' id='line_1_37' title="bbox 534 3480 1550 3546; baseline -0.002 -16"><span class='ocrx_word' id='word_1_232' title='bbox 534 3484 699 3530; x_wconf 87' lang='lat' dir='ltr'><strong>omnia</strong></span> <span class='ocrx_word' id='word_1_233' title='bbox 714 3498 804 3546; x_wconf 88' lang='lat' dir='ltr'><strong>per</strong></span> <span class='ocrx_word' id='word_1_234' title='bbox 821 3482 1082 3530; x_wconf 78' lang='lat' dir='ltr'><strong>factionem</strong></span> <span class='ocrx_word' id='word_1_235' title='bbox 1095 3480 1411 3545; x_wconf 87' lang='lat' dir='ltr'><strong>patriciorum</strong></span> <span class='ocrx_word' id='word_1_236' title='bbox 1430 3495 1550 3528; x_wconf 88' lang='lat' dir='ltr'><strong>con-</strong></span> 
     </span>
     <span class='ocr_line' id='line_1_38' title="bbox 535 3558 1552 3626; baseline -0.008 -15"><span class='ocrx_word' id='word_1_237' title='bbox 535 3574 607 3611; x_wconf 87' lang='lat' dir='ltr'><strong>tra</strong></span> <span class='ocrx_word' id='word_1_238' title='bbox 624 3564 754 3626; x_wconf 83' lang='lat' dir='ltr'><strong>leges</strong></span> <span class='ocrx_word' id='word_1_239' title='bbox 774 3573 903 3626; x_wconf 82' lang='lat' dir='ltr'><strong>gesta</strong></span> <span class='ocrx_word' id='word_1_240' title='bbox 926 3560 1098 3618; x_wconf 84' lang='lat' dir='ltr'><strong>fuisse,</strong></span> <span class='ocrx_word' id='word_1_241' title='bbox 1123 3575 1211 3623; x_wconf 89' lang='lat' dir='ltr'><strong>per</strong></span> <span class='ocrx_word' id='word_1_242' title='bbox 1231 3574 1349 3621; x_wconf 89' lang='lat' dir='ltr'><strong>quas</strong></span> <span class='ocrx_word' id='word_1_243' title='bbox 1372 3558 1442 3616; x_wconf 83' lang='lat' dir='ltr'><strong>ei,</strong></span> <span class='ocrx_word' id='word_1_244' title='bbox 1464 3559 1552 3621; x_wconf 86' lang='lat' dir='ltr'><strong>qui</strong></span> 
     </span>
     <span class='ocr_line' id='line_1_39' title="bbox 535 3640 1550 3702; baseline -0.006 -14"><span class='ocrx_word' id='word_1_245' title='bbox 535 3642 731 3694; x_wconf 75' lang='lat' dir='ltr'><strong>comitia</strong></span> <span class='ocrx_word' id='word_1_246' title='bbox 754 3640 987 3696; x_wconf 81' lang='lat' dir='ltr'><strong>habebat,</strong></span> <span class='ocrx_word' id='word_1_247' title='bbox 1022 3655 1180 3702; x_wconf 87' lang='lat' dir='ltr'><strong>neque</strong></span> <span class='ocrx_word' id='word_1_248' title='bbox 1207 3652 1386 3684; x_wconf 87' lang='lat' dir='ltr'><strong>nomen</strong></span> <span class='ocrx_word' id='word_1_249' title='bbox 1409 3652 1550 3683; x_wconf 83' lang='lat' dir='ltr'><strong>suum</strong></span> 
     </span>
     <span class='ocr_line' id='line_1_40' title="bbox 533 3717 1552 3784; baseline -0.005 -17"><span class='ocrx_word' id='word_1_250' title='bbox 533 3722 750 3784; x_wconf 88' lang='lat' dir='ltr'><strong>recipere</strong></span> <span class='ocrx_word' id='word_1_251' title='bbox 764 3754 778 3779; x_wconf 95' lang='lat'><strong>,</strong></span> <span class='ocrx_word' id='word_1_252' title='bbox 823 3734 982 3782; x_wconf 80' lang='lat' dir='ltr'><strong>neque-</strong></span> <span class='ocrx_word' id='word_1_253' title='bbox 1017 3718 1142 3765; x_wconf 85' lang='lat' dir='ltr'><strong>duos</strong></span> <span class='ocrx_word' id='word_1_254' title='bbox 1172 3717 1405 3782; x_wconf 85' lang='lat' dir='ltr'><strong>patricios</strong></span> <span class='ocrx_word' id='word_1_255' title='bbox 1431 3732 1552 3763; x_wconf 91' lang='lat' dir='ltr'><strong>con-</strong></span> 
     </span>
     <span class='ocr_line' id='line_1_41' title="bbox 535 3795 1551 3856; baseline -0.006 -10"><span class='ocrx_word' id='word_1_256' title='bbox 535 3800 663 3847; x_wconf 86' lang='lat' dir='ltr'><strong>sules</strong></span> <span class='ocrx_word' id='word_1_257' title='bbox 690 3815 852 3848; x_wconf 83' lang='lat' dir='ltr'><strong>creare</strong></span> <span class='ocrx_word' id='word_1_258' title='bbox 871 3797 1075 3856; x_wconf 79' lang='lat' dir='ltr'><strong>licebat3</strong></span> <span class='ocrx_word' id='word_1_259' title='bbox 1101 3795 1551 3853; x_wconf 74' lang='lat' dir='ltr'><strong>vide111,35;V1,</strong></span> 
     </span>
     <span class='ocr_line' id='line_1_42' title="bbox 540 3874 1551 3941; baseline -0.005 -17"><span class='ocrx_word' id='word_1_260' title='bbox 540 3878 601 3937; x_wconf 79' lang='lat'><strong>37</strong></span> <span class='ocrx_word' id='word_1_261' title='bbox 628 3894 729 3941; x_wconf 88' lang='lat' dir='ltr'><strong>seq.</strong></span> <span class='ocrx_word' id='word_1_262' title='bbox 758 3879 856 3925; x_wconf 86' lang='lat' dir='ltr'><strong>VII</strong></span> <span class='ocrx_word' id='word_1_263' title='bbox 866 3912 881 3935; x_wconf 92' lang='lat'><strong>,</strong></span> <span class='ocrx_word' id='word_1_264' title='bbox 904 3877 989 3925; x_wconf 77' lang='lat'><strong>25.</strong></span> <span class='ocrx_word' id='word_1_265' title='bbox 1017 3876 1208 3923; x_wconf 85' lang='lat' dir='ltr'><strong>Deinde</strong></span> <span class='ocrx_word' id='word_1_266' title='bbox 1234 3875 1380 3923; x_wconf 78' lang='lat' dir='ltr'><strong>verba</strong></span> <span class='ocrx_word' id='word_1_267' title='bbox 1407 3874 1551 3926; x_wconf 72' lang='lat' dir='ltr'><strong>eolle-</strong></span> 
     </span>
     <span class='ocr_line' id='line_1_43' title="bbox 532 3952 1552 4018; baseline 0 -18"><span class='ocrx_word' id='word_1_268' title='bbox 532 3970 650 4018; x_wconf 79' lang='lat' dir='ltr'><strong>gam</strong></span> <span class='ocrx_word' id='word_1_269' title='bbox 677 3957 773 4018; x_wconf 72' lang='lat' dir='ltr'><strong>Ap.</strong></span> <span class='ocrx_word' id='word_1_270' title='bbox 808 3956 1063 4004; x_wconf 85' lang='lat' dir='ltr'><strong>Claudium</strong></span> <span class='ocrx_word' id='word_1_271' title='bbox 1089 3955 1219 4006; x_wconf 71' lang='lat' dir='ltr'><strong>dLaeit</strong></span> <span class='ocrx_word' id='word_1_272' title='bbox 1250 3954 1396 4002; x_wconf 82' lang='lat' dir='ltr'><strong>etiam</strong></span> <span class='ocrx_word' id='word_1_273' title='bbox 1425 3952 1552 4002; x_wconf 81' lang='lat' dir='ltr'><strong>hanc</strong></span> 
     </span>
     <span class='ocr_line' id='line_1_44' title="bbox 533 4032 1550 4097; baseline 0.002 -20"><span class='ocrx_word' id='word_1_274' title='bbox 533 4032 984 4093; x_wconf 83' lang='lat' dir='ltr'><strong>interpretationem</strong></span> <span class='ocrx_word' id='word_1_275' title='bbox 1040 4034 1256 4097; x_wconf 84' lang='lat' dir='ltr'><strong>recipere</strong></span> <span class='ocrx_word' id='word_1_276' title='bbox 1307 4043 1550 4095; x_wconf 80' lang='lat' dir='ltr'><strong>possunt:</strong></span> 
     </span>
     <span class='ocr_line' id='line_1_45' title="bbox 537 4108 1552 4172; baseline 0.003 -19"><span class='ocrx_word' id='word_1_277' title='bbox 537 4108 821 4164; x_wconf 87' lang='lat' dir='ltr'><strong>Camillum,</strong></span> <span class='ocrx_word' id='word_1_278' title='bbox 860 4126 1009 4170; x_wconf 83' lang='lat' dir='ltr'><strong>quum</strong></span> <span class='ocrx_word' id='word_1_279' title='bbox 1051 4126 1102 4157; x_wconf 86' lang='lat' dir='ltr'><strong>se</strong></span> <span class='ocrx_word' id='word_1_280' title='bbox 1139 4110 1325 4172; x_wconf 76' lang='lat' dir='ltr'><strong>ingenti</strong></span> <span class='ocrx_word' id='word_1_281' title='bbox 1357 4112 1552 4157; x_wconf 80' lang='lat' dir='ltr'><strong>Pau-um</strong></span> 
     </span>
    </p>
   </div>
   <div class='ocr_carea' id='block_1_6' title="bbox 1629 1902 2659 4172">
    <p class='ocr_par' dir='ltr' id='par_1_6' title="bbox 1637 1902 2652 2602">
     <span class='ocr_line' id='line_1_46' title="bbox 1637 1902 2651 1962; baseline -0.009 -6"><span class='ocrx_word' id='word_1_282' title='bbox 1637 1907 1802 1956; x_wconf 84' lang='lat' dir='ltr'><strong>studio</strong></span> <span class='ocrx_word' id='word_1_283' title='bbox 1824 1907 2070 1955; x_wconf 83' lang='lat' dir='ltr'><strong>consulem</strong></span> <span class='ocrx_word' id='word_1_284' title='bbox 2088 1904 2197 1953; x_wconf 83' lang='lat' dir='ltr'><strong>fieri</strong></span> <span class='ocrx_word' id='word_1_285' title='bbox 2213 1903 2425 1962; x_wconf 81' lang='lat' dir='ltr'><strong>videret,</strong></span> <span class='ocrx_word' id='word_1_286' title='bbox 2442 1902 2502 1948; x_wconf 87' lang='lat' dir='ltr'><strong>iis</strong></span> <span class='ocrx_word' id='word_1_287' title='bbox 2518 1917 2651 1948; x_wconf 87' lang='lat' dir='ltr'><strong>com-</strong></span> 
     </span>
     <span class='ocr_line' id='line_1_47' title="bbox 1638 1982 2651 2044; baseline -0.007 -10"><span class='ocrx_word' id='word_1_288' title='bbox 1638 1985 1888 2034; x_wconf 74' lang='lat' dir='ltr'><strong>mendasse</strong></span> <span class='ocrx_word' id='word_1_289' title='bbox 1914 1984 2197 2042; x_wconf 74' lang='lat' dir='ltr'><strong>Claudium,</strong></span> <span class='ocrx_word' id='word_1_290' title='bbox 2225 1994 2275 2030; x_wconf 85' lang='lat' dir='ltr'><strong>et</strong></span> <span class='ocrx_word' id='word_1_291' title='bbox 2299 1982 2355 2029; x_wconf 86' lang='lat' dir='ltr'><strong>id</strong></span> <span class='ocrx_word' id='word_1_292' title='bbox 2386 1982 2562 2044; x_wconf 80' lang='lat' dir='ltr'><strong>egisse,</strong></span> <span class='ocrx_word' id='word_1_293' title='bbox 2589 1990 2651 2028; x_wconf 84' lang='lat' dir='ltr'><strong>ut</strong></span> 
     </span>
     <span class='ocr_line' id='line_1_48' title="bbox 1639 2057 2649 2128; baseline -0.007 -13"><span class='ocrx_word' id='word_1_294' title='bbox 1639 2068 1684 2115; x_wconf 88' lang='lat' dir='ltr'><strong>is</strong></span> <span class='ocrx_word' id='word_1_295' title='bbox 1714 2066 1809 2115; x_wconf 86' lang='lat' dir='ltr'><strong>sibi</strong></span> <span class='ocrx_word' id='word_1_296' title='bbox 1833 2065 2073 2124; x_wconf 85' lang='lat' dir='ltr'><strong>comitiis,</strong></span> <span class='ocrx_word' id='word_1_297' title='bbox 2113 2063 2290 2128; x_wconf 82' lang='lat' dir='ltr'><strong>quibus</strong></span> <span class='ocrx_word' id='word_1_298' title='bbox 2315 2061 2463 2110; x_wconf 83' lang='lat' dir='ltr'><strong>factio</strong></span> <span class='ocrx_word' id='word_1_299' title='bbox 2496 2057 2649 2124; x_wconf 85' lang='lat' dir='ltr'><strong>patri·</strong></span> 
     </span>
     <span class='ocr_line' id='line_1_49' title="bbox 1640 2140 2649 2211; baseline -0.007 -18"><span class='ocrx_word' id='word_1_300' title='bbox 1640 2147 1829 2194; x_wconf 88' lang='lat' dir='ltr'><strong>ciorum</strong></span> <span class='ocrx_word' id='word_1_301' title='bbox 1853 2146 2075 2211; x_wconf 86' lang='lat' dir='ltr'><strong>superior</strong></span> <span class='ocrx_word' id='word_1_302' title='bbox 2096 2154 2195 2192; x_wconf 86' lang='lat' dir='ltr'><strong>erat</strong></span> <span class='ocrx_word' id='word_1_303' title='bbox 2210 2177 2225 2202; x_wconf 90' lang='lat'><strong>,</strong></span> <span class='ocrx_word' id='word_1_304' title='bbox 2249 2142 2433 2205; x_wconf 82' lang='lat' dir='ltr'><strong>collega</strong></span> <span class='ocrx_word' id='word_1_305' title='bbox 2449 2140 2649 2188; x_wconf 86' lang='lat' dir='ltr'><strong>addere-</strong></span> 
     </span>
     <span class='ocr_line' id='line_1_50' title="bbox 1639 2217 2651 2282; baseline -0.008 -10"><span class='ocrx_word' id='word_1_306' title='bbox 1639 2236 1734 2272; x_wconf 88' lang='lat' dir='ltr'><strong>tur.</strong></span> <span class='ocrx_word' id='word_1_307' title='bbox 1758 2221 1943 2272; x_wconf 87' lang='lat' dir='ltr'><strong>Confer</strong></span> <span class='ocrx_word' id='word_1_308' title='bbox 1968 2226 2042 2282; x_wconf 73' lang='grc' dir='ltr'><strong>Χ,</strong></span> <span class='ocrx_word' id='word_1_309' title='bbox 2080 2225 2138 2270; x_wconf 87' lang='lat'><strong>13</strong></span> <span class='ocrx_word' id='word_1_310' title='bbox 2170 2234 2218 2270; x_wconf 84' lang='lat' dir='ltr'><strong>et</strong></span> <span class='ocrx_word' id='word_1_311' title='bbox 2253 2238 2336 2270; x_wconf 77' lang='lat'><strong>22.</strong></span> <span class='ocrx_word' id='word_1_312' title='bbox 2364 2221 2489 2268; x_wconf 85' lang='lat' dir='ltr'><strong>Nam</strong></span> <span class='ocrx_word' id='word_1_313' title='bbox 2516 2229 2566 2266; x_wconf 87' lang='lat' dir='ltr'><strong>et</strong></span> <span class='ocrx_word' id='word_1_314' title='bbox 2591 2217 2651 2264; x_wconf 84' lang='lat' dir='ltr'><strong>in</strong></span> 
     </span>
     <span class='ocr_line' id='line_1_51' title="bbox 1638 2297 2650 2355; baseline -0.007 -5"><span class='ocrx_word' id='word_1_315' title='bbox 1638 2303 1919 2350; x_wconf 86' lang='lat' dir='ltr'><strong>universum</strong></span> <span class='ocrx_word' id='word_1_316' title='bbox 1952 2301 2197 2350; x_wconf 87' lang='lat' dir='ltr'><strong>candidati</strong></span> <span class='ocrx_word' id='word_1_317' title='bbox 2229 2299 2436 2347; x_wconf 87' lang='lat' dir='ltr'><strong>multum</strong></span> <span class='ocrx_word' id='word_1_318' title='bbox 2473 2297 2650 2355; x_wconf 83' lang='lat' dir='ltr'><strong>abiis,</strong></span> 
     </span>
     <span class='ocr_line' id='line_1_52' title="bbox 1639 2377 2651 2444; baseline -0.009 -13"><span class='ocrx_word' id='word_1_319' title='bbox 1639 2381 1725 2444; x_wconf 88' lang='lat' dir='ltr'><strong>qui</strong></span> <span class='ocrx_word' id='word_1_320' title='bbox 1745 2382 1943 2430; x_wconf 78' lang='lat' dir='ltr'><strong>comitia</strong></span> <span class='ocrx_word' id='word_1_321' title='bbox 1967 2381 2239 2437; x_wconf 81' lang='lat' dir='ltr'><strong>habebant,</strong></span> <span class='ocrx_word' id='word_1_322' title='bbox 2270 2377 2487 2439; x_wconf 78' lang='lat' dir='ltr'><strong>adjuvari</strong></span> <span class='ocrx_word' id='word_1_323' title='bbox 2515 2387 2651 2440; x_wconf 83' lang='lat' dir='ltr'><strong>pote·</strong></span> 
     </span>
     <span class='ocr_line' id='line_1_53' title="bbox 1640 2455 2652 2524; baseline -0.005 -18"><span class='ocrx_word' id='word_1_324' title='bbox 1640 2471 1748 2507; x_wconf 87' lang='lat' dir='ltr'><strong>rant</strong></span> <span class='ocrx_word' id='word_1_325' title='bbox 1760 2477 1774 2519; x_wconf 87' lang='lat'>;</span> <span class='ocrx_word' id='word_1_326' title='bbox 1787 2461 1923 2524; x_wconf 89' lang='lat' dir='ltr'><strong>quod</strong></span> <span class='ocrx_word' id='word_1_327' title='bbox 1935 2477 1994 2508; x_wconf 83' lang='lat' dir='ltr'><strong>ex</strong></span> <span class='ocrx_word' id='word_1_328' title='bbox 2009 2462 2163 2510; x_wconf 81' lang='lat' dir='ltr'><strong>xxn</strong></span> <span class='ocrx_word' id='word_1_329' title='bbox 2174 2493 2189 2517; x_wconf 95' lang='lat'><strong>,</strong></span> <span class='ocrx_word' id='word_1_330' title='bbox 2208 2459 2269 2506; x_wconf 84' lang='lat'><strong>35</strong></span> <span class='ocrx_word' id='word_1_331' title='bbox 2284 2492 2298 2516; x_wconf 89' lang='lat'>‚</span> <span class='ocrx_word' id='word_1_332' title='bbox 2310 2457 2511 2520; x_wconf 83' lang='lat' dir='ltr'><strong>aliisque</strong></span> <span class='ocrx_word' id='word_1_333' title='bbox 2526 2455 2652 2504; x_wconf 76' lang='lat' dir='ltr'><strong>locis</strong></span> 
     </span>
     <span class='ocr_line' id='line_1_54' title="bbox 1640 2534 2651 2602; baseline -0.003 -18"><span class='ocrx_word' id='word_1_334' title='bbox 1640 2538 1976 2602; x_wconf 72' lang='lat' dir='ltr'><strong>intelligitur.»</strong></span> <span class='ocrx_word' id='word_1_335' title='bbox 1995 2538 2071 2587; x_wconf 88' lang='lat' dir='ltr'><strong>Cf.</strong></span> <span class='ocrx_word' id='word_1_336' title='bbox 2090 2553 2233 2602; x_wconf 85' lang='lat' dir='ltr'><strong>supra</strong></span> <span class='ocrx_word' id='word_1_337' title='bbox 2251 2536 2313 2583; x_wconf 87' lang='lat' dir='ltr'><strong>ad</strong></span> <span class='ocrx_word' id='word_1_338' title='bbox 2331 2552 2437 2599; x_wconf 84' lang='lat' dir='ltr'><strong>cap.</strong></span> <span class='ocrx_word' id='word_1_339' title='bbox 2449 2537 2525 2592; x_wconf 82' lang='lat'><strong>16,</strong></span> <span class='ocrx_word' id='word_1_340' title='bbox 2538 2551 2587 2581; x_wconf 89' lang='lat' dir='ltr'><strong>n.</strong></span> <span class='ocrx_word' id='word_1_341' title='bbox 2597 2534 2651 2581; x_wconf 87' lang='lat'><strong>6.</strong></span> 
     </span>
    </p>

    <p class='ocr_par' dir='ltr' id='par_1_7' title="bbox 1629 2618 2659 4022">
     <span class='ocr_line' id='line_1_55' title="bbox 1711 2618 2654 2678; baseline -0.007 -13"><span class='ocrx_word' id='word_1_342' title='bbox 1711 2618 1832 2666; x_wconf 70' lang='lat' dir='ltr'><strong>Cn.</strong></span> <span class='ocrx_word' id='word_1_343' title='bbox 1851 2619 2017 2665; x_wconf 75' lang='lat' dir='ltr'><strong>XXV.</strong></span> <span class='ocrx_word' id='word_1_344' title='bbox 2051 2633 2094 2664; x_wconf 73' lang='grc' dir='ltr'><strong>κ.</strong></span> <span class='ocrx_word' id='word_1_345' title='bbox 2121 2618 2506 2678; x_wconf 75' lang='lat' dir='ltr'><strong>Massantesque:</strong></span> <span class='ocrx_word' id='word_1_346' title='bbox 2524 2629 2654 2660; x_wconf 84' lang='lat' dir='ltr'><strong>mus-</strong></span> 
     </span>
     <span class='ocr_line' id='line_1_56' title="bbox 1640 2693 2654 2761; baseline -0.005 -17"><span class='ocrx_word' id='word_1_347' title='bbox 1640 2713 1745 2744; x_wconf 88' lang='lat' dir='ltr'><strong>sare</strong></span> <span class='ocrx_word' id='word_1_348' title='bbox 1759 2730 1773 2755; x_wconf 93' lang='lat'><strong>,</strong></span> <span class='ocrx_word' id='word_1_349' title='bbox 1818 2697 2007 2744; x_wconf 87' lang='lat' dir='ltr'><strong>occulte</strong></span> <span class='ocrx_word' id='word_1_350' title='bbox 2046 2707 2095 2744; x_wconf 90' lang='lat' dir='ltr'><strong>et</strong></span> <span class='ocrx_word' id='word_1_351' title='bbox 2132 2711 2296 2761; x_wconf 86' lang='lat' dir='ltr'><strong>pressa</strong></span> <span class='ocrx_word' id='word_1_352' title='bbox 2337 2710 2455 2742; x_wconf 87' lang='lat' dir='ltr'><strong>voce</strong></span> <span class='ocrx_word' id='word_1_353' title='bbox 2484 2693 2654 2755; x_wconf 80' lang='lat' dir='ltr'><strong>loqui,</strong></span> 
     </span>
     <span class='ocr_line' id='line_1_57' title="bbox 1638 2772 2653 2840; baseline -0.005 -17"><span class='ocrx_word' id='word_1_354' title='bbox 1638 2775 1774 2840; x_wconf 87' lang='lat' dir='ltr'><strong>quod</strong></span> <span class='ocrx_word' id='word_1_355' title='bbox 1805 2776 2009 2823; x_wconf 85' lang='lat' dir='ltr'><strong>celatum</strong></span> <span class='ocrx_word' id='word_1_356' title='bbox 2034 2776 2140 2839; x_wconf 87' lang='lat' dir='ltr'><strong>quis</strong></span> <span class='ocrx_word' id='word_1_357' title='bbox 2165 2775 2300 2822; x_wconf 85' lang='lat' dir='ltr'><strong>velit.</strong></span> <span class='ocrx_word' id='word_1_358' title='bbox 2327 2773 2524 2828; x_wconf 79' lang='lat' dir='ltr'><strong>Non.V,</strong></span> <span class='ocrx_word' id='word_1_359' title='bbox 2550 2772 2653 2834; x_wconf 79' lang='lat'><strong>²³3</strong></span> 
     </span>
     <span class='ocr_line' id='line_1_58' title="bbox 1640 2853 2655 2917; baseline -0.006 -14"><span class='ocrx_word' id='word_1_360' title='bbox 1640 2854 1830 2903; x_wconf 87' lang='lat' dir='ltr'><strong>Sallust.</strong></span> <span class='ocrx_word' id='word_1_361' title='bbox 1859 2865 1980 2902; x_wconf 86' lang='lat' dir='ltr'><strong>orat.</strong></span> <span class='ocrx_word' id='word_1_362' title='bbox 2008 2853 2222 2917; x_wconf 83' lang='lat' dir='ltr'><strong>Philippi</strong></span> <span class='ocrx_word' id='word_1_363' title='bbox 2243 2868 2258 2900; x_wconf 68' lang='grc' dir='ltr'>ε</span> <span class='ocrx_word' id='word_1_364' title='bbox 2279 2856 2370 2899; x_wconf 80' lang='lat' dir='ltr'><strong>Vos</strong></span> <span class='ocrx_word' id='word_1_365' title='bbox 2390 2862 2655 2898; x_wconf 81' lang='lat' dir='ltr'><strong>mussantes</strong></span> 
     </span>
     <span class='ocr_line' id='line_1_59' title="bbox 1639 2929 2650 2980; baseline -0.003 -1"><span class='ocrx_word' id='word_1_366' title='bbox 1639 2944 1688 2979; x_wconf 85' lang='lat' dir='ltr'><strong>et</strong></span> <span class='ocrx_word' id='word_1_367' title='bbox 1710 2943 2024 2980; x_wconf 78' lang='lat' dir='ltr'><strong>retractantes</strong></span> <span class='ocrx_word' id='word_1_368' title='bbox 2043 2932 2204 2979; x_wconf 80' lang='lat' dir='ltr'><strong>verbis</strong></span> <span class='ocrx_word' id='word_1_369' title='bbox 2221 2943 2270 2979; x_wconf 90' lang='lat' dir='ltr'><strong>et</strong></span> <span class='ocrx_word' id='word_1_370' title='bbox 2283 2943 2456 2979; x_wconf 76' lang='lat' dir='ltr'><strong>vatum</strong></span> <span class='ocrx_word' id='word_1_371' title='bbox 2476 2929 2650 2976; x_wconf 82' lang='lat' dir='ltr'><strong>carmi-</strong></span> 
     </span>
     <span class='ocr_line' id='line_1_60' title="bbox 1638 3009 2651 3075; baseline -0.002 -18"><span class='ocrx_word' id='word_1_372' title='bbox 1638 3010 1776 3058; x_wconf 81' lang='lat' dir='ltr'><strong>nibus</strong></span> <span class='ocrx_word' id='word_1_373' title='bbox 1791 3026 1969 3073; x_wconf 84' lang='lat' dir='ltr'><strong>pacem</strong></span> <span class='ocrx_word' id='word_1_374' title='bbox 1994 3011 2173 3075; x_wconf 85' lang='lat' dir='ltr'><strong>optatis</strong></span> <span class='ocrx_word' id='word_1_375' title='bbox 2192 3010 2371 3074; x_wconf 79' lang='lat' dir='ltr'><strong>magis,</strong></span> <span class='ocrx_word' id='word_1_376' title='bbox 2400 3021 2490 3057; x_wconf 86' lang='lat' dir='ltr'><strong>etc.</strong></span> <span class='ocrx_word' id='word_1_377' title='bbox 2514 3009 2651 3056; x_wconf 83' lang='lat' dir='ltr'><strong>Idem</strong></span> 
     </span>
     <span class='ocr_line' id='line_1_61' title="bbox 1641 3088 2650 3137; baseline -0.002 -1"><span class='ocrx_word' id='word_1_378' title='bbox 1641 3100 1762 3136; x_wconf 87' lang='lat' dir='ltr'><strong>orat.</strong></span> <span class='ocrx_word' id='word_1_379' title='bbox 1794 3088 1967 3136; x_wconf 85' lang='lat' dir='ltr'><strong>Licinii</strong></span> <span class='ocrx_word' id='word_1_380' title='bbox 1991 3104 2005 3137; x_wconf 79' lang='lat' dir='ltr'>z</span> <span class='ocrx_word' id='word_1_381' title='bbox 2041 3089 2368 3137; x_wconf 76' lang='lat' dir='ltr'><strong>Massaneibus</strong></span> <span class='ocrx_word' id='word_1_382' title='bbox 2391 3088 2530 3136; x_wconf 74' lang='lat' dir='ltr'><strong>vobis</strong></span> <span class='ocrx_word' id='word_1_383' title='bbox 2557 3088 2650 3135; x_wconf 82' lang='lat' dir='ltr'><strong>eir-</strong></span> 
     </span>
     <span class='ocr_line' id='line_1_62' title="bbox 1640 3168 2649 3229; baseline 0.002 -16"><span class='ocrx_word' id='word_1_384' title='bbox 1640 3178 1909 3214; x_wconf 80' lang='lat' dir='ltr'><strong>cumventus</strong></span> <span class='ocrx_word' id='word_1_385' title='bbox 1936 3181 2058 3216; x_wconf 85' lang='lat' dir='ltr'><strong>erat.</strong></span> <span class='ocrx_word' id='word_1_386' title='bbox 2081 3169 2247 3216; x_wconf 83' lang='lat' dir='ltr'><strong>Livius</strong></span> <span class='ocrx_word' id='word_1_387' title='bbox 2266 3168 2519 3226; x_wconf 80' lang='lat' dir='ltr'><strong>xxvm,</strong></span> <span class='ocrx_word' id='word_1_388' title='bbox 2548 3169 2613 3229; x_wconf 82' lang='lat'><strong>39</strong></span> <span class='ocrx_word' id='word_1_389' title='bbox 2633 3182 2649 3215; x_wconf 74' lang='grc' dir='ltr'>ε</span> 
     </span>
     <span class='ocr_line' id='line_1_63' title="bbox 1641 3247 2650 3314; baseline 0.002 -22"><span class='ocrx_word' id='word_1_390' title='bbox 1641 3247 1797 3311; x_wconf 84' lang='lat' dir='ltr'><strong>quue</strong></span> <span class='ocrx_word' id='word_1_391' title='bbox 1832 3247 2082 3294; x_wconf 79' lang='lat' dir='ltr'><strong>consilium</strong></span> <span class='ocrx_word' id='word_1_392' title='bbox 2121 3247 2505 3314; x_wconf 77' lang='lat' dir='ltr'><strong>haudquaquam</strong></span> <span class='ocrx_word' id='word_1_393' title='bbox 2544 3247 2650 3312; x_wconf 83' lang='lat' dir='ltr'><strong>pri-</strong></span> 
     </span>
     <span class='ocr_line' id='line_1_64' title="bbox 1640 3325 2653 3391; baseline 0.002 -19"><span class='ocrx_word' id='word_1_394' title='bbox 1640 3325 1849 3374; x_wconf 81' lang='lat' dir='ltr'><strong>moribus</strong></span> <span class='ocrx_word' id='word_1_395' title='bbox 1883 3328 2086 3373; x_wconf 84' lang='lat' dir='ltr'><strong>Patrum</strong></span> <span class='ocrx_word' id='word_1_396' title='bbox 2108 3329 2357 3391; x_wconf 82' lang='lat' dir='ltr'><strong>placeret,</strong></span> <span class='ocrx_word' id='word_1_397' title='bbox 2398 3327 2653 3390; x_wconf 65' lang='lat' dir='ltr'><strong>ceterique</strong></span> 
     </span>
     <span class='ocr_line' id='line_1_65' title="bbox 1629 3405 2650 3467; baseline 0.002 -17"><span class='ocrx_word' id='word_1_398' title='bbox 1629 3420 1724 3467; x_wconf 84' lang='lat' dir='ltr'><strong>per</strong></span> <span class='ocrx_word' id='word_1_399' title='bbox 1740 3415 1934 3463; x_wconf 88' lang='lat' dir='ltr'><strong>metum,</strong></span> <span class='ocrx_word' id='word_1_400' title='bbox 1949 3416 2040 3452; x_wconf 88' lang='lat' dir='ltr'><strong>aut</strong></span> <span class='ocrx_word' id='word_1_401' title='bbox 2050 3405 2356 3456; x_wconf 82' lang='lat' dir='ltr'><strong>ambitionem</strong></span> <span class='ocrx_word' id='word_1_402' title='bbox 2371 3417 2650 3453; x_wconf 80' lang='lat' dir='ltr'><strong>mussarent.</strong></span> 
     </span>
     <span class='ocr_line' id='line_1_66' title="bbox 1637 3482 2649 3549; baseline 0 -19"><span class='ocrx_word' id='word_1_403' title='bbox 1637 3483 1727 3530; x_wconf 85' lang='lat' dir='ltr'><strong>En.</strong></span> <span class='ocrx_word' id='word_1_404' title='bbox 1739 3509 1809 3520; x_wconf 83' lang='lat'><strong>--</strong></span> <span class='ocrx_word' id='word_1_405' title='bbox 1824 3483 1960 3547; x_wconf 74' lang='lat' dir='ltr'><strong>Legis</strong></span> <span class='ocrx_word' id='word_1_406' title='bbox 1977 3482 2177 3531; x_wconf 81' lang='lat' dir='ltr'><strong>Liciniae</strong></span> <span class='ocrx_word' id='word_1_407' title='bbox 2198 3484 2217 3547; x_wconf 96' lang='lat'>(</span> <span class='ocrx_word' id='word_1_408' title='bbox 2234 3484 2346 3531; x_wconf 87' lang='lat' dir='ltr'><strong>vide</strong></span> <span class='ocrx_word' id='word_1_409' title='bbox 2362 3484 2426 3532; x_wconf 85' lang='lat' dir='ltr'><strong>ad</strong></span> <span class='ocrx_word' id='word_1_410' title='bbox 2439 3500 2543 3549; x_wconf 86' lang='lat' dir='ltr'><strong>cap.</strong></span> <span class='ocrx_word' id='word_1_411' title='bbox 2557 3501 2586 3532; x_wconf 74' lang='lat' dir='ltr'><strong>a</strong></span> <span class='ocrx_word' id='word_1_412' title='bbox 2598 3499 2617 3529; x_wconf 89' lang='lat'>1</span> <span class='ocrx_word' id='word_1_413' title='bbox 2633 3518 2649 3543; x_wconf 94' lang='lat'><strong>,</strong></span> 
     </span>
     <span class='ocr_line' id='line_1_67' title="bbox 1638 3559 2648 3627; baseline 0.003 -20"><span class='ocrx_word' id='word_1_414' title='bbox 1638 3578 1688 3608; x_wconf 88' lang='lat' dir='ltr'><strong>n.</strong></span> <span class='ocrx_word' id='word_1_415' title='bbox 1715 3577 1735 3607; x_wconf 93' lang='lat'>1</span> <span class='ocrx_word' id='word_1_416' title='bbox 1752 3559 1798 3624; x_wconf 90' lang='lat'><strong>),</strong></span> <span class='ocrx_word' id='word_1_417' title='bbox 1815 3574 1988 3625; x_wconf 83' lang='lat' dir='ltr'><strong>spretoe</strong></span> <span class='ocrx_word' id='word_1_418' title='bbox 2005 3561 2268 3612; x_wconf 81' lang='lat' dir='ltr'><strong>mercedem</strong></span> <span class='ocrx_word' id='word_1_419' title='bbox 2285 3563 2484 3627; x_wconf 75' lang='lat' dir='ltr'><strong>cepisset</strong></span> <span class='ocrx_word' id='word_1_420' title='bbox 2495 3562 2648 3623; x_wconf 88' lang='lat' dir='ltr'><strong>hanc,</strong></span> 
     </span>
     <span class='ocr_line' id='line_1_68' title="bbox 1639 3639 2659 3707; baseline 0.004 -22"><span class='ocrx_word' id='word_1_421' title='bbox 1639 3650 1694 3686; x_wconf 87' lang='lat' dir='ltr'><strong>ut</strong></span> <span class='ocrx_word' id='word_1_422' title='bbox 1716 3656 1766 3686; x_wconf 84' lang='lat' dir='ltr'><strong>se</strong></span> <span class='ocrx_word' id='word_1_423' title='bbox 1799 3639 1898 3704; x_wconf 85' lang='lat' dir='ltr'><strong>ipse</strong></span> <span class='ocrx_word' id='word_1_424' title='bbox 1928 3642 2167 3688; x_wconf 82' lang='lat' dir='ltr'><strong>consulem</strong></span> <span class='ocrx_word' id='word_1_425' title='bbox 2201 3640 2415 3690; x_wconf 83' lang='lat' dir='ltr'><strong>dictator</strong></span> <span class='ocrx_word' id='word_1_426' title='bbox 2449 3654 2659 3707; x_wconf 50' lang='lat' dir='ltr'><strong>crearet..</strong></span> 
     </span>
     <span class='ocr_line' id='line_1_69' title="bbox 1639 3719 2652 3785; baseline 0.005 -22"><span class='ocrx_word' id='word_1_427' title='bbox 1639 3720 1826 3766; x_wconf 80' lang='lat' dir='ltr'><strong>Vocem</strong></span> <span class='ocrx_word' id='word_1_428' title='bbox 1875 3719 2177 3767; x_wconf 86' lang='lat' dir='ltr'><strong>consulatum</strong></span> <span class='ocrx_word' id='word_1_429' title='bbox 2225 3720 2555 3785; x_wconf 85' lang='lat' dir='ltr'><strong>importunam</strong></span> <span class='ocrx_word' id='word_1_430' title='bbox 2603 3732 2652 3767; x_wconf 89' lang='lat' dir='ltr'><strong>et</strong></span> 
     </span>
     <span class='ocr_line' id='line_1_70' title="bbox 1639 3797 2653 3862; baseline 0.002 -18"><span class='ocrx_word' id='word_1_431' title='bbox 1639 3797 1847 3860; x_wconf 84' lang='lat' dir='ltr'><strong>glossam</strong></span> <span class='ocrx_word' id='word_1_432' title='bbox 1879 3814 1983 3846; x_wconf 85' lang='lat' dir='ltr'><strong>esse</strong></span> <span class='ocrx_word' id='word_1_433' title='bbox 1997 3833 2014 3858; x_wconf 92' lang='lat'><strong>,</strong></span> <span class='ocrx_word' id='word_1_434' title='bbox 2047 3809 2177 3846; x_wconf 81' lang='lat' dir='ltr'><strong>recte</strong></span> <span class='ocrx_word' id='word_1_435' title='bbox 2205 3798 2404 3862; x_wconf 86' lang='lat' dir='ltr'><strong>opinor,</strong></span> <span class='ocrx_word' id='word_1_436' title='bbox 2439 3798 2653 3862; x_wconf 83' lang='lat' dir='ltr'><strong>suspica·</strong></span> 
     </span>
     <span class='ocr_line' id='line_1_71' title="bbox 1639 3876 2654 3941; baseline 0.003 -19"><span class='ocrx_word' id='word_1_437' title='bbox 1639 3886 1719 3922; x_wconf 84' lang='lat' dir='ltr'><strong>tur</strong></span> <span class='ocrx_word' id='word_1_438' title='bbox 1736 3877 1884 3924; x_wconf 89' lang='lat' dir='ltr'><strong>Doer.</strong></span> <span class='ocrx_word' id='word_1_439' title='bbox 1906 3902 1977 3912; x_wconf 91' lang='lat'><strong>—-—</strong></span> <span class='ocrx_word' id='word_1_440' title='bbox 1998 3877 2200 3926; x_wconf 78' lang='lat' dir='ltr'><strong>Publica</strong></span> <span class='ocrx_word' id='word_1_441' title='bbox 2218 3876 2399 3941; x_wconf 76' lang='lat' dir='ltr'><strong>injuria</strong></span> <span class='ocrx_word' id='word_1_442' title='bbox 2408 3912 2426 3935; x_wconf 87' lang='lat'>,</span> <span class='ocrx_word' id='word_1_443' title='bbox 2447 3877 2514 3924; x_wconf 87' lang='lat' dir='ltr'><strong>ob</strong></span> <span class='ocrx_word' id='word_1_444' title='bbox 2529 3877 2654 3937; x_wconf 86' lang='lat' dir='ltr'><strong>inju-</strong></span> 
     </span>
     <span class='ocr_line' id='line_1_72' title="bbox 1639 3953 2653 4022; baseline 0.004 -22"><span class='ocrx_word' id='word_1_445' title='bbox 1639 3954 1775 4022; x_wconf 65' lang='lat' dir='ltr'><strong>riam¹</strong></span> <span class='ocrx_word' id='word_1_446' title='bbox 1781 3953 1913 4017; x_wconf 87' lang='lat' dir='ltr'><strong>plebi</strong></span> <span class='ocrx_word' id='word_1_447' title='bbox 1940 3955 2114 4005; x_wconf 83' lang='lat' dir='ltr'><strong>factam</strong></span> <span class='ocrx_word' id='word_1_448' title='bbox 2128 3990 2143 4014; x_wconf 95' lang='lat'><strong>,</strong></span> <span class='ocrx_word' id='word_1_449' title='bbox 2169 3956 2387 4019; x_wconf 82' lang='lat' dir='ltr'><strong>neglecta</strong></span> <span class='ocrx_word' id='word_1_450' title='bbox 2415 3956 2497 4003; x_wconf 84' lang='lat' dir='ltr'><strong>illa</strong></span> <span class='ocrx_word' id='word_1_451' title='bbox 2528 3956 2653 4020; x_wconf 79' lang='lat' dir='ltr'><strong>lege.</strong></span> 
     </span>
    </p>

    <p class='ocr_par' dir='ltr' id='par_1_8' title="bbox 1630 4033 2657 4172">
     <span class='ocr_line' id='line_1_73' title="bbox 1711 4033 2657 4101; baseline 0.002 -20"><span class='ocrx_word' id='word_1_452' title='bbox 1711 4049 1761 4081; x_wconf 78' lang='lat'><strong>2.</strong></span> <span class='ocrx_word' id='word_1_453' title='bbox 1798 4035 1861 4080; x_wconf 85' lang='lat' dir='ltr'><strong>Ut</strong></span> <span class='ocrx_word' id='word_1_454' title='bbox 1884 4033 1982 4098; x_wconf 88' lang='lat' dir='ltr'><strong>(ita</strong></span> <span class='ocrx_word' id='word_1_455' title='bbox 2004 4046 2088 4094; x_wconf 91' lang='lat' dir='ltr'><strong>ut,</strong></span> <span class='ocrx_word' id='word_1_456' title='bbox 2116 4036 2341 4099; x_wconf 76' lang='lat' dir='ltr'><strong>ve12quo</strong></span> <span class='ocrx_word' id='word_1_457' title='bbox 2361 4034 2541 4084; x_wconf 85' lang='lat' dir='ltr'><strong>factum</strong></span> <span class='ocrx_word' id='word_1_458' title='bbox 2564 4033 2657 4101; x_wconf 86' lang='lat' dir='ltr'><strong>ut)</strong></span> 
     </span>
     <span class='ocr_line' id='line_1_74' title="bbox 1630 4111 2656 4172; baseline 0.004 -15"><span class='ocrx_word' id='word_1_459' title='bbox 1630 4111 1887 4172; x_wconf 70' lang='lat' dir='ltr'><strong>predones</strong></span> <span class='ocrx_word' id='word_1_460' title='bbox 1912 4113 2172 4171; x_wconf 76' lang='lat' dir='ltr'><strong>maritimi,</strong></span> <span class='ocrx_word' id='word_1_461' title='bbox 2206 4113 2394 4171; x_wconf 69' lang='lat' dir='ltr'><strong>Graeci,</strong></span> <span class='ocrx_word' id='word_1_462' title='bbox 2424 4125 2528 4162; x_wconf 81' lang='lat' dir='ltr'><strong>tum</strong></span> <span class='ocrx_word' id='word_1_463' title='bbox 2556 4125 2656 4164; x_wconf 84' lang='lat' dir='ltr'><strong>ter-</strong></span> 
     </span>
    </p>
   </div>
   <div class='ocr_carea' id='block_1_7' title="bbox 2962 2827 2963 3058">
    <p class='ocr_par' dir='ltr' id='par_1_9' title="bbox 2962 2827 2963 3058">
     <span class='ocr_line' id='line_1_75' title="bbox 2962 2827 2963 3058; baseline 0 0"><span class='ocrx_word' id='word_1_464' title='bbox 2962 2827 2963 3058; x_wconf 95' lang='lat' dir='ltr'><strong> </strong></span> 
     </span>
    </p>
   </div>
  </div>
 </body>
</html>
