3000 4717
544 347 628 418 52
1389 344 1467 413 Τ.
1534 348 1811 416 leu
2230 326 2283 424 a:
2309 328 2609 427 2:33213311

541 470 737 568 genti
753 471 993 539 animo
1015 468 1260 539 tulisse
1281 465 1546 554 ferunt,
1564 489 1849 538 causam
1867 466 2107 562 potius
2119 466 2528 562 ignominiae
2544 470 2660 537 in-

538 595 895 667 tuentem,
926 603 1143 675 quam
1170 580 1671 676 ignominiam,
1700 578 2053 674 primores
2072 590 2389 671 patrum,
2423 602 2661 673 quan-

540 715 757 786 quam
788 701 812 745 ⁷
856 689 1311 762 deminutum
1348 713 1666 759 censurae
1703 687 1818 780 jus
1857 686 2289 774 noluissent,
2325 689 2661 783 exemplo

540 800 943 871 acerbitatis
975 801 1314 870 censoriae
1353 797 1702 886 offensOS,
1742 797 2015 894 quippe
2067 822 2289 892 quum
2340 823 2413 868 se
2459 800 2664 894 quis-

541 935 683 1006 que
713 909 983 980 diutius
1011 934 1091 979 ac
1128 911 1381 1006 saepius
1420 907 1831 1002 subjectum¹
1863 907 2280 978 censoribus
2315 905 2467 977 fore
2502 932 2663 979 cer-

540 1034 783 1103 neret,
814 1043 1032 1115 quam
1076 1043 1454 1093 censuram
1495 1031 1910 1112 gesturum}
1946 1017 2198 1113 populi
2234 1030 2425 1110 certe
2458 1030 2663 1118 tanta

540 1122 941 1226 indignatio
981 1144 1225 1210 coorta
1270 1128 1564 1214 dicitur,
1605 1142 1687 1196 ut
1728 1128 1833 1197 vis
1868 1152 1909 1196 a
1940 1125 2359 1197 censoribus
2391 1125 2661 1195 nullius

541 1241 961 1310 auctoritate
974 1293 992 1326 ,
1011 1254 1487 1335 praeterquam
1512 1238 1734 1333 ipsius
1748 1237 2086 1306 Mamerci
2101 1291 2119 1322 ,
2139 1234 2483 1306 deterreri
2496 1235 2665 1331 qui-

541 1363 745 1419 verit.
2113 1429 2116 1432 Ι

635 1462 854 1527 XXV.
909 1454 1213 1525 Tribuni
1246 1455 1511 1552 plebis,
1553 1453 1851 1525 assiduis
1900 1452 2373 1536 concionibus
2412 1452 2661 1549 prohi-

538 1564 785 1635 bendo
815 1563 1215 1633 consularia
1248 1565 1568 1652 comitia,
1600 1588 1828 1660 quum
1849 1588 1964 1634 res
1991 1586 2218 1661 prope
2247 1563 2336 1634 ad
2365 1564 2664 1635 interre-

540 1698 764 1770 gnum
793 1674 1140 1770 perducta
1166 1687 1384 1759 esset,
1412 1674 1687 1742 evicere
1717 1673 2009 1745 tandem
2031 1688 2148 1760 ,ut
2177 1670 2447 1743 tribuni
2474 1671 2666 1742 mili-

539 1797 697 1851 tum
720 1779 1078 1851 consulari
1098 1793 1450 1876 potestate
1468 1797 1917 1860 crearentur:
1938 1785 2249 1852 victoriae
2269 1783 2666 1878 praemium,

526 1892 743 1989 'quod
782 1890 1199 1989 petebatur,
1236 1906 1317 1960 ut
1353 1891 1683 1989 plebeius
1722 1907 2120 1976 crearetur,
2155 1892 2458 1962 nullum·
2480 1890 2613 1962 fuit
2646 1921 2662 1961 :

540 2027 794 2073 omnes
839 2001 1119 2099 patricii
1157 2003 1374 2072 creati
1409 2016 1579 2086 sunt
1597 2006 1745 2090 ‚‚M.
1792 2001 2052 2072 Fabius
2087 2001 2527 2088 Vibulanus,
2553 2007 2665 2072 M.

540 2111 846 2200 Foslius»,
863 2116 942 2181 L.
967 2112 1254 2209 Sergius
1282 2111 1601 2183 Fidenas.
1619 2111 2029 2183 Pestilentia
2049 2135 2136 2180 eo
2159 2136 2354 2181 anno
2369 2113 2671 2182 aliarum

539 2237 784 2293 rerum
828 2224 1059 2293 otium
1111 2221 1436 2319 praebuit.
1489 2222 1679 2293 AEdis
1720 2220 2039 2317 Apollini
2074 2244 2207 2316 pro
2254 2212 2674 2294 valetudine

541 2335 793 2430 populi
830 2348 996 2404 vota
1020 2348 1131 2403 'est
1166 2361 1181 2402 ε
1217 2336 1441 2404 multa
1463 2344 1483 2373 1
1527 2332 1888 2403 duumviri
1924 2355 2010 2399 ex
2041 2329 2271 2417 libris,
2303 2330 2679 2427 placandae

545 2442 761 2513 deum
784 2445 902 2512 irae
920 2498 939 2530 ,
967 2445 1519 2549 avertendaeque
1540 2467 1579 2511 a
1600 2442 1872 2538 populo
1892 2442 2109 2537 pestis
2138 2464 2375 2526 causa,
2398 2439 2667 2514 fecere:

540 2577 799 2649 magna
833 2569 1073 2624 tamen
1100 2554 1334 2625 clades
1371 2556 1448 2623 in
1482 2551 1666 2622 urbe
1699 2552 2059 2647 agrisque,
2091 2551 2667 2648 promiscueho-

545 2663 825 2731 minum
861 2687 1357 2761 pecorumque
1382 2663 1735 2759 pernicie,
1776 2677 2085 2759 accepta.
2118 2650 2402 2732 Famem
2432 2663 2667 2733 culto-s

540 2824 687 2875 fiebat
703 2863 716 2887 ,
744 2830 846 2888 ejus
876 2793 1055 2878 nornen
1083 2845 1145 2878 ex
1175 2830 1287 2878 albo
1327 2823 1557 2879 ce‘nturiae
1647 2831 1873 2894 quennali
1887 2832 2063 2878 factam
2075 2843 2282 2882 annuam
2292 2841 2341 2876 et
2354 2836 2629 2877 semestrem
2641 2851 2662 2885 ‚·

542 2922 640 2954 suae
680 2907 957 2970 delebatur,
991 2922 1039 2958 et
1066 2911 1128 2957 ad
1158 2911 1256 2958 hoc
1299 2922 1402 2959 crat
1437 2912 1559 2958 civis
1643 2922 1916 2975 gesturum,
1955 2909 2175 2969 adeoque
2219 2924 2275 2953 eo
2309 2908 2517 2964 diutius,
2561 2922 2662 2969 quo

544 2997 757 3044 tautum,
778 3000 832 3035 ut
858 3005 948 3052 pro
976 2991 1133 3053 capite
1161 3006 1251 3037 suo
1276 2991 1449 3037 tributi
1468 3005 1574 3041 nor
1649 2988 1861 3036 breviori
1908 2999 2127 3050 tempore
2165 2983 2412 3034 censuram
2464 2987 2667 3049 quisque

542 3062 672 3109 mine
693 3081 783 3111 aera
803 3068 1054 3129 penderet.
1077 3069 1259 3114 Ascon.
1275 3068 1459 3114 Ped.in
1478 3068 1563 3114 Di·
1649 3067 1867 3129 ipsorum
1900 3076 2143 3126 gesturus„
2174 3076 2220 3112 et
2252 3081 2307 3112 eo
2335 3066 2530 3128 περίεις,
2565 3079 2666 3126 quo

545 3140 647 3186 vin.
669 3144 758 3187 En.
1651 3145 1827 3208 saepius
1865 3145 1983 3191 novi
2015 3160 2106 3190 nec
2146 3144 2270 3191 forte
2310 3146 2469 3189 minus
2512 3141 2671 3189 severi

617 3230 664 3276 7.
702 3220 993 3281 Quanquam
1025 3222 1319 3269 deminutum
1353 3239 1565 3271 censum:
1653 3238 1878 3270 censores
1899 3225 2049 3271 futuri
2076 3235 2250 3270 essent.

532 3294 619 3357 jus
643 3295 939 3356 noluissent,
962 3301 1016 3345 in
1037 3300 1203 3347 multis
1225 3302 1350 3348 MSS
1377 3312 1424 3349 et
1449 3302 1562 3349 edd.
1722 3302 1841 3349 Car.
1869 3304 2035 3351 XXV.
2064 3318 2108 3348 1.-
2138 3302 2299 3349 Multa
2328 3300 2571 3347 duumviri·
2592 3314 2666 3347 sa·

546 3384 666 3422 antt.
694 3374 960 3423 voluissent
977 3395 994 3424 .·
1021 3378 1107 3425 sed
1133 3395 1300 3426 sensus
1333 3391 1434 3438 est,
1460 3397 1565 3429 non
1654 3391 1847 3429 crorum
1866 3395 1930 3428 ex
1952 3381 2081 3429 libris
2102 3382 2355 3445 Sibyllinis
2385 3381 2460 3446 (v.
2484 3380 2546 3427 ad
2565 3382 2666 3438 ΙΙΙ,

544 3453 782 3516 placuisse
817 3455 1013 3514 quidem
1054 3458 1276 3505 Patribus
1297 3493 1312 3516 ,
1347 3475 1562 3507 censurae
1659 3476 1739 3519 10,
1759 3478 1808 3509 n.
1836 3458 1897 3525 6)
1904 3460 2095 3525 ficere,
2123 3460 2275 3507 scilic.
2295 3471 2424 3507 certe
2444 3460 2571 3522 inpr.
2594 3474 2668 3505 sa-

537 3532 618 3590 jus
631 3549 659 3579 a
672 3534 920 3580 Mamerco
942 3547 1246 3584 contractum
1261 3555 1390 3600 esse,
1406 3555 1563 3602 eoque
1652 3556 1756 3599 cra;
1787 3551 1886 3602 quo
1906 3556 2048 3587 sensu
2070 3540 2213 3587 etiam
2234 3539 2392 3601 simpl.
2399 3535 2575 3602 facere
2593 3538 2668 3585 di-

544 3611 793 3674 paululum
822 3614 1052 3678 supplicii
1079 3617 1304 3664 meritum
1326 3618 1436 3664 illos
1460 3634 1563 3664 cre·
1653 3620 1803 3677 citur;
1831 3619 1944 3665 vide
1978 3618 2041 3665 ad
2068 3621 2100 3666 J
2103 3618 2296 3665 uvenal.¹
2320 3619 2561 3675 1x‚«11›7.
2593 3618 2669 3664 De

546 3690 756 3749 didisse,
797 3692 883 3739 sed
926 3704 1088 3742 tamen
1133 3695 1394 3743 acerbitate
1431 3707 1565 3745 tanta
1643 3709 1782 3761 pesce
1809 3699 1976 3745 confer
2004 3698 2067 3745 ad
2096 3700 2119 3743 I
2135 3732 2150 3755 ‚
2177 3698 2236 3743 31
2253 3729 2267 3753 ,
2295 3688 2344 3740 η’.
2376 3701 2422 3747 4·
2450 3721 2522 3729 -
2542 3696 2669 3742 Mox

545 3783 800 3817 censorum
822 3771 970 3820 fuisse
987 3773 1229 3833 offensos,
1249 3775 1381 3838 quod
1403 3792 1565 3823 exem·
1655 3793 1766 3825 cum
1786 3778 2006 3825 Gronov.
2029 3778 2154 3822 forte
2171 3775 2263 3834 leg.
2277 3772 2585 3835 promiscua,
2618 3785 2667 3823 et

543 3847 679 3908 plum
689 3849 893 3910 quisque
902 3855 1565 3915 vereretur3Gron.--Qu11m
1638 3855 1834 3919 famem·
1858 3855 2037 3903 incult'u
2065 3865 2298 3915 agrorum
2330 3850 2547 3899 timentes
2557 3877 2584 3908 ,Δ
2612 3863 2668 3899 ut

544 3940 594 3970 se
616 3926 816 3989 quisque
832 3927 1011 3976 diutius
1029 3947 1090 3977 ac
1110 3933 1283 3996 saept'us
1306 3933 1566 3998 subjectum
1654 3936 1782 3981 cultu
1807 3933 2017 3998 neglecto
2038 3946 2268 3994 agrorum
2286 3930 2373 3976 inf·
2396 3947 2438 3977 c·
2467 3931 2546 3977 52³
2568 3930 2669 3977 Cur

546 4004 1006 4061 censoribus-‚eorum
1016 4010 1268 4057 acerbitati
1278 4012 1565 4069 obnoxium,
1655 4015 1783 4061 enim
1796 4010 2053 4058 cultoribus
2064 4010 2229 4072 potius
2247 4023 2501 4071 agrorum,
2524 4019 2690 4070 quam·

532 4080 650 4144 fbre
667 4096 894 4142 cerneret,
910 4103 1058 4148 quam
1072 4104 1339 4150 censuram,
1360 4107 1423 4138 ex
1430 4091 1567 4154 quin·
1656 4093 1750 4140 toti
1766 4089 1877 4138 urbi
1902 4089 2104 4136 timuere
2122 4086 2362 4135 Romani?
2379 4088 2568 4135 Vocem
2584 4086 2668 4134 dc-
