3000 4717
544 350 683 434 434
1406 350 1483 414 Τ.
1551 349 1827 416 mvn
2357 329 2483 428 313:
2508 328 2604 436 232:
2634 376 2678 426 „-

540 497 573 532 α
609 467 881 563 quippe
937 462 1539 552 concedentibus,
1588 470 1887 536 Romam
1943 481 2155 564 caput
2203 470 2405 539 Latio
2456 495 2682 558 esse3·

544 610 575 642 «
613 576 776 663 sed,
820 590 903 645 ut
952 575 1271 673 amplum
1322 575 1549 646 videri
1599 588 1879 672 posset,
1925 575 2265 649 diuturna
2311 580 2656 675 patientia

539 718 571 752 «
609 686 929 758 fecimus.
972 686 1227 783 Atqui,
1261 687 1319 757 si
1347 685 1643 781 quando
1673 710 1991 783 unquam
2024 689 2484 759 consociandi
2514 691 2653 759 im*

537 829 569 863 «
607 797 823 896 perii,
857 794 1285 893 usurpandae
1322 794 1670 866 libertatis
1701 810 1987 894 tempus
2014 798 2341 894 optastis,
2381 824 2470 869 en
2509 799 2655 870 hoc

535 940 568 973 «
604 923 890 1006 tempus
918 904 1117 978 adest
1135 961 1154 995 ‚
1193 921 1265 978 et
1287 907 1552 977 virtute
1571 919 1843 990 vestra,
1875 920 1947 977 et
1967 905 2183 978 deum
2207 907 2655 1005 benignitate

535 1050 568 1084 «
602 1018 806 1089 vobis
860 1016 1130 1089 datum.
1197 1007 1549 1087 Tentastis
1604 1018 2018 1115 patientiam
2080 1019 2410 1114 negando
2460 1021 2656 1090 mili-

535 1161 568 1195 «
604 1124 832 1218 tem³;
869 1128 1029 1225 quis
1059 1125 1342 1197 dubitat
1370 1128 1711 1198 exarsisse
1741 1151 1897 1215 eos,
1926 1153 2153 1224 quum
2184 1128 2345 1226 plus
2381 1128 2653 1200 ducen-

535 1272 567 1305 «
602 1255 845 1326 torum
890 1262 1244 1308 annorum
1288 1261 1566 1308 morem
1590 1240 1622 1289 4
1658 1237 2146 1308 solveremus?
2192 1238 2654 1335 permlerunt

536 1381 567 1416 «
604 1364 847 1421 tamen
890 1348 1088 1420 hunc
1135 1346 1482 1418 dolorem.
1539 1347 1813 1418 Bellum
1858 1362 2107 1418 nostro
2148 1350 2441 1419 nomine
2484 1374 2654 1419 cum

532 1491 566 1525 «
603 1460 914 1557 Pelignis
940 1460 1321 1557 gessimus:
1356 1459 1484 1554 qui
1512 1471 2044 1529 nenostrorum
2071 1457 2367 1553 quidem
2393 1457 2654 1528 finium

534 1598 567 1632 «
604 1567 815 1639 nobis
858 1592 987 1663 per
1035 1591 1169 1637 nos
1221 1566 1664 1636 tuendorum
1704 1567 1820 1660 jus
1871 1579 2078 1636 antea
2123 1565 2429 1654 dabant,
2469 1569 2653 1641 nihil

531 1706 565 1740 «
601 1676 1180 1747 intercesserunt.
1231 1673 1584 1746 Sidicinos
1631 1675 1708 1743 in
1757 1673 1974 1744 fidem
2025 1691 2351 1773 receptos
2372 1733 2391 1766 ,
2438 1681 2651 1747 Cam-

533 1816 567 1850 «
603 1809 832 1882 panos
876 1785 966 1855 ab
1011 1809 1086 1856 se
1140 1783 1229 1854 ad
1271 1807 1405 1854 nos
1448 1782 1789 1872 descisse,
1836 1786 2185 1855 exercitus
2222 1811 2356 1856 nos
2398 1812 2651 1884 parare

534 1926 567 1961 «
604 1895 940 1967 adversus
991 1895 1342 1965 Samnites
1388 1891 1774 1964 foederatos
1826 1918 1995 1964 suos
2044 1894 2466 1986 audierunt,
2512 1922 2651 1970 nec

539 2036 573 2073 «
607 2019 993 2076 moverunt
1039 2029 1114 2075 se
1158 2003 1248 2074 ab
1286 2002 1491 2074 urbe.
1534 2000 1751 2074 Unde
1790 2000 1947 2073 haec
1988 2003 2125 2073 illis
2160 2018 2357 2075 tanta
2393 2007 2649 2079 mode-

535 2147 567 2181 «
605 2117 771 2203 stia,
805 2114 943 2185 nisi
980 2138 1019 2184 a
1057 2113 1492 2184 conscientia
1528 2113 1785 2181 virium
1826 2127 1898 2183 et
1938 2125 2344 2183 nostrarum
2385 2130 2455 2185 et
2491 2140 2649 2186 sua-

536 2257 569 2291 «
603 2226 815 2296 rum'?
841 2224 1151 2295 Idoneos
1175 2236 1504 2294 auctores
1526 2220 1795 2310 habeo,
1820 2223 2288 2318 querentibus
2315 2223 2405 2292 de
2432 2222 2649 2297 nohis

534 2365 567 2400 «
604 2333 1042 2405 Samnitibus
1076 2333 1173 2403 ita
1214 2355 1644 2429 responsum
1682 2330 1772 2401 ab
1816 2347 2069 2403 senatu
2108 2355 2406 2404 romano
2452 2349 2642 2425 esse,

532 2473 567 2509 «
603 2457 684 2514 ut
717 2442 930 2528 facile
957 2433 1369 2538 appareret,
1403 2453 1507 2510 ne‘
1532 2442 1725 2539 ipsos
1754 2439 2045 2537 quidem
2073 2442 2218 2537 jam
2245 2445 2649 2540 postulare,-

535 2582 570 2616 «
605 2568 688 2622 ut
723 2551 1010 2623 Latium
1047 2549 1184 2621 sub
1220 2571 1526 2620 romano
1556 2550 1862 2648 imperio
1893 2553 1997 2620 sit.
2038 2555 2393 2648 Usurpate
2421 2554 2640 2625 modo

489 2641 498 2660 ⁸
531 2693 566 2728 «
601 2660 1036 2760 postulando
1072 2685 1199 2751 e0‚
1239 2660 1437 2757 quod
1481 2660 1583 2730 illi
1621 2660 1826 2731 vobis
1863 2661 2055 2731 taciti
2092 2662 2520 2733 concedunt.
2568 2665 2644 2734 Si

532 2801 566 2837 «
609 2796 827 2870 quem
867 2770 1008 2841 hoc
1044 2784 1278 2840 metus
1309 2765 1546 2840 dicere
1571 2769 1942 2866 prohibet,
1982 2795 2073 2840 en
2110 2795 2245 2867 ego
2281 2773 2467 2874 ipse,
2511 2799 2642 2844 au-

531 2914 566 2947 «
605 2884 847 2954 diente
888 2904 1041 2951 uon
1087 2880 1363 2978 populo
1418 2901 1721 2950 romano
1760 2878 1982 2949 modo
2032 2895 2470 2977 senatuque,
2515 2883 2642 2954 sed

530 3022 564 3058 «
596 2999 773 3064 Jove
804 2994 960 3088 ipso
983 3044 1004 3078 ‚
1042 2991 1171 3085 qui
1207 2988 1641 3086 Capitolium
1678 2988 1925 3058 incolit
1942 3042 1961 3074 ,
2001 2988 2348 3085 profiteor
2379 3017 2493 3070 me
2528 2993 2644 3063 di-

531 3134 566 3167 «
603 3118 925 3189 ctutum;
966 3113 1087 3185 ut,
1132 3100 1190 3168 si
1226 3123 1360 3168 nos
1403 3100 1477 3166 in
1523 3096 1916 3192 foedere-ac
1959 3098 2296 3169 societate
2333 3125 2484 3171 esse
2517 3125 2641 3172 ve-

531 3241 564 3277 «
604 3212 736 3281 lint
753 3265 772 3298 ,
802 3210 1172 3280 consulem
1196 3208 1501 3279 alterum
1523 3206 1612 3276 ab
1637 3205 1882 3293 nobiS‚
1903 3222 2337 3304 senatusque
2363 3225 2642 3308 partem

529 3349 563 3385 «
601 3320 972 3417 accipiant.
1000 3348 1036 3383 >2
1071 3323 1235 3388 Haec
1271 3315 1610 3388 ferociter
1644 3342 1797 3387 non
1838 3317 2167 3387 suadenti
2203 3318 2472 3409 solum,
2515 3319 2645 3392 sed

527 3523 659 3572 haud
688 3521 951 3570 obnoxiam
988 3522 1151 3585 cupit,
1185 3522 1228 3569 is
1255 3519 1442 3569 viribus
1478 3523 1540 3569 iis
1626 3522 1687 3569 ab
1713 3522 1830 3581 illo,
1861 3525 1995 3583 eujus
2023 3526 2071 3583 1,
2106 3525 2170 3572 50
2198 3540 2299 3589 seq.
2328 3528 2405 3574 vel
2428 3531 2504 3584 11,
2548 3529 2641 3587 33,

523 3602 787 3650 instructus
813 3617 915 3648 esse
943 3599 1114 3659 debet,
1151 3600 1327 3664 quibus
1357 3600 1539 3649 bellum
1626 3601 1810 3647 mentio
1824 3598 1904 3658 fit,
1919 3615 2073 3649 annos
2086 3607 2642 3665 numeraveris‚velrem

525 3682 682 3747 possit
704 3696 884 3744 gerere.
909 3681 1001 3728 En.
1625 3677 1686 3724 ab
1716 3679 1844 3726 irato
1874 3679 1927 3725 in
1959 3681 2110 3740 majus
2139 3693 2328 3730 auctam
2356 3685 2639 3734 credideris.

600 3748 1196 3814 3.Temastispaeieneiam
1211 3751 1435 3815 negando
1453 3751 1540 3797 mi·
1624 3757 1738 3803 Mos
1758 3767 1919 3805 nutem
1942 3758 2026 3805 ifle
2044 3761 2144 3819 jam
2169 3760 2258 3808 diu
2284 3762 2498 3821 solutu33
2526 3764 2643 3812 vide

524 3830 679 3887 licem,
704 3829 819 3877 vide
844 3828 906 3877 ad
927 3830 979 3886 Ι,
1000 3830 1060 3875 32
1076 3862 1090 3886 ,
1113 3844 1161 3875 n.
1189 3828 1235 3875 5.
1622 3835 1723 3883 VH
1739 3870 1753 3892 ,
1786 3850 1864 3882 1⁴1.
1884 3862 1953 3872 —-
1998 3838 2501 3903 Senatusquepartem
2524 3858 2539 3890 ε
2568 3835 2642 3889 di·

596 3915 644 3960 4.
670 3908 785 3954 Plus
824 3906 1135 3952 ducentorum
1169 3921 1408 3954 annomm
1432 3924 1535 3953 mo-
1620 3912 1844 3970 midiam,
1880 3924 1935 3961 ut
1960 3914 2086 3962 clare
2118 3918 2348 3981 exprimit
2376 3919 2505 3967 idem
2533 3924 2643 3969 Au-

525 3997 646 4038 rem,
672 3984 848 4031 milites
873 3983 1051 4041 dandi,
1074 3983 1116 4030 si
1142 4000 1169 4031 3
1200 3985 1382 4033 foedere
1398 4020 1412 4045 ,
1430 3987 1533 4032 icto
1620 3991 1756 4050 nius,
1777 4007 1882 4056 cap.
1907 4007 2007 4056 seq.
2024 4005 2221 4042 senatus
2227 4009 2424 4060 partem
2442 4015 2644 4063 oequam

523 4074 635 4105 eum
657 4060 827 4108 'Servio
850 4061 1013 4108 Tullio
1042 4058 1185 4123 (vide
1206 4064 1255 4119 1,
1286 4063 1352 4117 45
1364 4062 1407 4126 ),
1431 4077 1535 4112 non
1610 4073 1686 4115 ‘ex
1709 4079 1919 4133 ueraque
1934 4081 2079 4135 gente
2100 4086 2214 4122 esse.
2238 4075 2328 4123 En.
