<?xml version="1.0" encoding="UTF-8"?>
<!DOCTYPE html PUBLIC "-//W3C//DTD XHTML 1.0 Transitional//EN"
    "http://www.w3.org/TR/xhtml1/DTD/xhtml1-transitional.dtd">
<html xmlns="http://www.w3.org/1999/xhtml" xml:lang="en" lang="en">
 <head>
  <title>
</title>
<meta http-equiv="Content-Type" content="text/html;charset=utf-8" />
  <meta name='ocr-system' content='tesseract 3.04.00' />
  <meta name='ocr-capabilities' content='ocr_page ocr_carea ocr_par ocr_line ocrx_word'/>
</head>
<body>
  <div class='ocr_page' id='page_1' title='image "./titusliviuspata00unkngoog_0340.png"; bbox 0 0 3000 4717; ppageno 0'>
   <div class='ocr_carea' id='block_1_1' title="bbox 475 369 622 461">
    <p class='ocr_par' dir='ltr' id='par_1_1' title="bbox 475 369 622 461">
     <span class='ocr_line' id='line_1_1' title="bbox 475 369 622 461; baseline -0.014 -13"><span class='ocrx_word' id='word_1_1' title='bbox 475 369 622 461; x_wconf 74' lang='lat'><strong>&#39;346</strong></span> 
     </span>
    </p>
   </div>
   <div class='ocr_carea' id='block_1_2' title="bbox 1319 382 1741 449">
    <p class='ocr_par' dir='ltr' id='par_1_2' title="bbox 1319 382 1741 449">
     <span class='ocr_line' id='line_1_2' title="bbox 1319 382 1741 449; baseline 0 -2"><span class='ocrx_word' id='word_1_2' title='bbox 1319 383 1397 447; x_wconf 89' lang='grc' dir='ltr'><strong>Τ.</strong></span> <span class='ocrx_word' id='word_1_3' title='bbox 1462 382 1741 449; x_wconf 92' lang='lat' dir='ltr'><strong>LIVII</strong></span> 
     </span>
    </p>
   </div>
   <div class='ocr_carea' id='block_1_3' title="bbox 2293 362 2552 476">
    <p class='ocr_par' dir='ltr' id='par_1_3' title="bbox 2293 362 2552 476">
     <span class='ocr_line' id='line_1_3' title="bbox 2293 362 2552 414; baseline 0.012 -14"><span class='ocrx_word' id='word_1_4' title='bbox 2293 363 2342 401; x_wconf 76' lang='lat' dir='ltr'><strong>A.</strong></span> <span class='ocrx_word' id='word_1_5' title='bbox 2373 362 2421 401; x_wconf 83' lang='lat' dir='ltr'><strong>G.</strong></span> <span class='ocrx_word' id='word_1_6' title='bbox 2451 364 2552 414; x_wconf 65' lang='lat'><strong>359:</strong></span> 
     </span>
     <span class='ocr_line' id='line_1_4' title="bbox 2295 422 2543 476; baseline 0.004 -15"><span class='ocrx_word' id='word_1_7' title='bbox 2295 422 2349 461; x_wconf 88' lang='lat' dir='ltr'><strong>U.</strong></span> <span class='ocrx_word' id='word_1_8' title='bbox 2372 424 2420 463; x_wconf 91' lang='lat' dir='ltr'><strong>C.</strong></span> <span class='ocrx_word' id='word_1_9' title='bbox 2452 427 2543 476; x_wconf 73' lang='lat'><strong>393.</strong></span> 
     </span>
    </p>
   </div>
   <div class='ocr_carea' id='block_1_4' title="bbox 466 481 2599 1590">
    <p class='ocr_par' dir='ltr' id='par_1_4' title="bbox 475 481 2599 931">
     <span class='ocr_line' id='line_1_5' title="bbox 476 481 2599 601; baseline 0.004 -33"><span class='ocrx_word' id='word_1_10' title='bbox 476 512 549 568; x_wconf 91' lang='lat' dir='ltr'><strong>et</strong></span> <span class='ocrx_word' id='word_1_11' title='bbox 581 511 820 584; x_wconf 87' lang='lat' dir='ltr'><strong>antea,</strong></span> <span class='ocrx_word' id='word_1_12' title='bbox 860 499 1045 569; x_wconf 84' lang='lat' dir='ltr'><strong>sieut</strong></span> <span class='ocrx_word' id='word_1_13' title='bbox 1077 523 1311 588; x_wconf 86' lang='lat' dir='ltr'><strong>nunc,</strong></span> <span class='ocrx_word' id='word_1_14' title='bbox 1347 525 1534 595; x_wconf 88' lang='lat' dir='ltr'><strong>quos</strong></span> <span class='ocrx_word' id='word_1_15' title='bbox 1562 498 1868 574; x_wconf 87' lang='lat' dir='ltr'><strong>Rufulos</strong></span> <span class='ocrx_word' id='word_1_16' title='bbox 1899 481 2189 590; x_wconf 68' lang='lat' dir='ltr'><strong>v⁹ocant,</strong></span> <span class='ocrx_word' id='word_1_17' title='bbox 2212 504 2599 601; x_wconf 81' lang='lat' dir='ltr'><strong>imperato-</strong></span> 
     </span>
     <span class='ocr_line' id='line_1_6' title="bbox 479 604 2599 705; baseline 0.004 -27"><span class='ocrx_word' id='word_1_18' title='bbox 479 632 595 679; x_wconf 87' lang='lat' dir='ltr'><strong>res</strong></span> <span class='ocrx_word' id='word_1_19' title='bbox 617 608 752 705; x_wconf 86' lang='lat' dir='ltr'><strong>ipsi</strong></span> <span class='ocrx_word' id='word_1_20' title='bbox 778 604 1172 696; x_wconf 85' lang='lat' dir='ltr'><strong>faciebant,</strong></span> <span class='ocrx_word' id='word_1_21' title='bbox 1200 610 1607 682; x_wconf 87' lang='lat' dir='ltr'><strong>secundum</strong></span> <span class='ocrx_word' id='word_1_22' title='bbox 1631 612 1707 682; x_wconf 89' lang='lat' dir='ltr'><strong>in</strong></span> <span class='ocrx_word' id='word_1_23' title='bbox 1734 635 1858 683; x_wconf 81' lang='lat' dir='ltr'><strong>sex</strong></span> <span class='ocrx_word' id='word_1_24' title='bbox 1885 610 2059 682; x_wconf 85' lang='lat' dir='ltr'><strong>locis</strong></span> <span class='ocrx_word' id='word_1_25' title='bbox 2084 609 2316 684; x_wconf 84' lang='lat' dir='ltr'><strong>tenuit</strong></span> <span class='ocrx_word' id='word_1_26' title='bbox 2335 668 2355 701; x_wconf 90' lang='lat'>‚</span> <span class='ocrx_word' id='word_1_27' title='bbox 2383 615 2599 686; x_wconf 86' lang='lat' dir='ltr'><strong>nullis</strong></span> 
     </span>
     <span class='ocr_line' id='line_1_7' title="bbox 478 717 2595 817; baseline 0.004 -29"><span class='ocrx_word' id='word_1_28' title='bbox 478 717 674 789; x_wconf 87' lang='lat' dir='ltr'><strong>domi</strong></span> <span class='ocrx_word' id='word_1_29' title='bbox 713 718 1126 815; x_wconf 62' lang='lat' dir='ltr'><strong>militiaeque</strong></span> <span class='ocrx_word' id='word_1_30' title='bbox 1163 718 1254 789; x_wconf 88' lang='lat' dir='ltr'><strong>ad</strong></span> <span class='ocrx_word' id='word_1_31' title='bbox 1296 720 1824 794; x_wconf 83' lang='lat' dir='ltr'>conciliandam</span> <span class='ocrx_word' id='word_1_32' title='bbox 1853 723 2147 817; x_wconf 81' lang='lat' dir='ltr'>gratiam</span> <span class='ocrx_word' id='word_1_33' title='bbox 2174 724 2484 811; x_wconf 86' lang='lat' dir='ltr'><strong>meritis,</strong></span> <span class='ocrx_word' id='word_1_34' title='bbox 2513 740 2595 796; x_wconf 88' lang='lat' dir='ltr'><strong>ut</strong></span> 
     </span>
     <span class='ocr_line' id='line_1_8' title="bbox 475 828 2590 942; baseline 0.004 -45"><span class='ocrx_word' id='word_1_35' title='bbox 475 828 600 923; x_wconf 83' lang='lat' dir='ltr'><strong>qui</strong></span> <span class='ocrx_word' id='word_1_36' title='bbox 638 853 808 898; x_wconf 87' lang='lat' dir='ltr'><strong>rure</strong></span> <span class='ocrx_word' id='word_1_37' title='bbox 850 843 922 898; x_wconf 88' lang='lat' dir='ltr'><strong>et</strong></span> <span class='ocrx_word' id='word_1_38' title='bbox 958 829 1215 924; x_wconf 84' lang='lat' dir='ltr'><strong>procul</strong></span> <span class='ocrx_word' id='word_1_39' title='bbox 1255 844 1450 901; x_wconf 86' lang='lat' dir='ltr'><strong>coetu</strong></span> <span class='ocrx_word' id='word_1_40' title='bbox 1484 830 1867 902; x_wconf 87' lang='lat' dir='ltr'><strong>hominum</strong></span> <span class='ocrx_word' id='word_1_41' title='bbox 1906 832 2274 926; x_wconf 87' lang='lat' dir='ltr'><strong>juventam</strong></span> <span class='ocrx_word' id='word_1_42' title='bbox 2312 835 2590 942; x_wconf 81' lang='lat' dir='ltr'><strong>egisset.</strong></span> 
     </span>
    </p>

    <p class='ocr_par' dir='ltr' id='par_1_5' title="bbox 466 933 2597 1590">
     <span class='ocr_line' id='line_1_9' title="bbox 566 933 2593 1067; baseline 0.004 -59"><span class='ocrx_word' id='word_1_43' title='bbox 566 942 688 1008; x_wconf 93' lang='lat' dir='ltr'><strong>VI.</strong></span> <span class='ocrx_word' id='word_1_44' title='bbox 720 937 994 1009; x_wconf 86' lang='lat' dir='ltr'><strong>Eodem</strong></span> <span class='ocrx_word' id='word_1_45' title='bbox 1018 964 1254 1027; x_wconf 85' lang='lat' dir='ltr'><strong>ann0‚</strong></span> <span class='ocrx_word' id='word_1_46' title='bbox 1291 964 1422 1012; x_wconf 87' lang='lat' dir='ltr'><strong>seu</strong></span> <span class='ocrx_word' id='word_1_47' title='bbox 1449 933 1666 1013; x_wconf 85' lang='lat' dir='ltr'><strong>&#39;motu</strong></span> <span class='ocrx_word' id='word_1_48' title='bbox 1704 957 1946 1029; x_wconf 70' lang='lat' dir='ltr'><strong>terrae,</strong></span> <span class='ocrx_word' id='word_1_49' title='bbox 1983 967 2111 1016; x_wconf 86' lang='lat' dir='ltr'><strong>seu</strong></span> <span class='ocrx_word' id='word_1_50' title='bbox 2145 969 2288 1067; x_wconf 83' lang='lat' dir='ltr'><strong>qua</strong></span> <span class='ocrx_word' id='word_1_51' title='bbox 2319 946 2389 1013; x_wconf 89' lang='lat' dir='ltr'><strong>vi</strong></span> <span class='ocrx_word' id='word_1_52' title='bbox 2421 945 2593 1034; x_wconf 85' lang='lat' dir='ltr'><strong>alia,</strong></span> 
     </span>
     <span class='ocr_line' id='line_1_10' title="bbox 471 1046 2597 1149; baseline 0.003 -31"><span class='ocrx_word' id='word_1_53' title='bbox 471 1046 709 1118; x_wconf 88' lang='lat' dir='ltr'><strong>forum</strong></span> <span class='ocrx_word' id='word_1_54' title='bbox 725 1048 1048 1119; x_wconf 87' lang='lat' dir='ltr'><strong>medium</strong></span> <span class='ocrx_word' id='word_1_55' title='bbox 1067 1046 1290 1121; x_wconf 86' lang='lat' dir='ltr'><strong>ferme</strong></span> <span class='ocrx_word' id='word_1_56' title='bbox 1311 1074 1532 1147; x_wconf 82' lang='lat' dir='ltr'><strong>specu</strong></span> <span class='ocrx_word' id='word_1_57' title='bbox 1550 1066 1748 1122; x_wconf 87' lang='lat' dir='ltr'><strong>vasto</strong></span> <span class='ocrx_word' id='word_1_58' title='bbox 1769 1051 2211 1149; x_wconf 86' lang='lat' dir='ltr'><strong>collapsum</strong></span> <span class='ocrx_word' id='word_1_59' title='bbox 2194 1080 2271 1123; x_wconf 86' lang='lat' dir='ltr'><strong>m</strong></span> <span class='ocrx_word' id='word_1_60' title='bbox 2304 1055 2597 1132; x_wconf 86' lang='lat' dir='ltr'><strong>immen-</strong></span> 
     </span>
     <span class='ocr_line' id='line_1_11' title="bbox 473 1159 2593 1259; baseline 0.002 -30"><span class='ocrx_word' id='word_1_61' title='bbox 473 1182 622 1229; x_wconf 85' lang='lat' dir='ltr'><strong>sam</strong></span> <span class='ocrx_word' id='word_1_62' title='bbox 659 1159 1110 1230; x_wconf 80' lang='lat' dir='ltr'><strong>altitudinem</strong></span> <span class='ocrx_word' id='word_1_63' title='bbox 1146 1159 1451 1248; x_wconf 81' lang='lat' dir='ltr'><strong>dicitur3</strong></span> <span class='ocrx_word' id='word_1_64' title='bbox 1493 1186 1732 1258; x_wconf 88' lang='lat' dir='ltr'><strong>neque</strong></span> <span class='ocrx_word' id='word_1_65' title='bbox 1767 1186 1926 1233; x_wconf 88' lang='lat' dir='ltr'><strong>eam</strong></span> <span class='ocrx_word' id='word_1_66' title='bbox 1965 1164 2378 1259; x_wconf 85' lang='lat' dir='ltr'><strong>voraginem</strong></span> <span class='ocrx_word' id='word_1_67' title='bbox 2417 1189 2593 1234; x_wconf 86' lang='lat' dir='ltr'><strong>con-</strong></span> 
     </span>
     <span class='ocr_line' id='line_1_12' title="bbox 466 1268 2597 1369; baseline 0 -30"><span class='ocrx_word' id='word_1_68' title='bbox 466 1268 666 1362; x_wconf 87' lang='lat' dir='ltr'><strong>jectu</strong></span> <span class='ocrx_word' id='word_1_69' title='bbox 709 1284 947 1356; x_wconf 74' lang='lat' dir='ltr'><strong>terrae,</strong></span> <span class='ocrx_word' id='word_1_70' title='bbox 988 1295 1215 1367; x_wconf 89' lang='lat' dir='ltr'><strong>quum</strong></span> <span class='ocrx_word' id='word_1_71' title='bbox 1263 1296 1399 1369; x_wconf 88' lang='lat' dir='ltr'><strong>pro</strong></span> <span class='ocrx_word' id='word_1_72' title='bbox 1441 1296 1517 1342; x_wconf 91' lang='lat' dir='ltr'><strong>se</strong></span> <span class='ocrx_word' id='word_1_73' title='bbox 1567 1272 1881 1367; x_wconf 83' lang='lat' dir='ltr'><strong>quisque</strong></span> <span class='ocrx_word' id='word_1_74' title='bbox 1923 1287 2201 1368; x_wconf 77' lang='lat' dir='ltr'><strong>gereret</strong></span> <span class='ocrx_word' id='word_1_75' title='bbox 2218 1283 2270 1361; x_wconf 83' lang='lat'><strong>¹-,</strong></span> <span class='ocrx_word' id='word_1_76' title='bbox 2322 1271 2597 1369; x_wconf 85' lang='lat' dir='ltr'><strong>expleri</strong></span> 
     </span>
     <span class='ocr_line' id='line_1_13' title="bbox 475 1380 2592 1479; baseline 0 -29"><span class='ocrx_word' id='word_1_77' title='bbox 475 1381 795 1479; x_wconf 86' lang='lat' dir='ltr'><strong>potuisse</strong></span> <span class='ocrx_word' id='word_1_78' title='bbox 830 1380 1031 1477; x_wconf 85' lang='lat' dir='ltr'><strong>prius</strong></span> <span class='ocrx_word' id='word_1_79' title='bbox 1053 1435 1072 1468; x_wconf 87' lang='lat'><strong>‚</strong></span> <span class='ocrx_word' id='word_1_80' title='bbox 1117 1405 1337 1478; x_wconf 82' lang='lat' dir='ltr'><strong>quam</strong></span> <span class='ocrx_word' id='word_1_81' title='bbox 1386 1382 1605 1452; x_wconf 87' lang='lat' dir='ltr'><strong>deum</strong></span> <span class='ocrx_word' id='word_1_82' title='bbox 1652 1382 1936 1454; x_wconf 82' lang='lat' dir='ltr'><strong>monitu</strong></span> <span class='ocrx_word' id='word_1_83' title='bbox 1979 1382 2204 1477; x_wconf 85' lang='lat' dir='ltr'><strong>quaeri</strong></span> <span class='ocrx_word' id='word_1_84' title='bbox 2240 1396 2592 1477; x_wconf 84' lang='lat' dir='ltr'><strong>coeptum,</strong></span> 
     </span>
     <span class='ocr_line' id='line_1_14' title="bbox 475 1490 2597 1590; baseline -0 -30"><span class='ocrx_word' id='word_1_85' title='bbox 475 1514 625 1585; x_wconf 84' lang='lat' dir='ltr'><strong>quo</strong></span> <span class='ocrx_word' id='word_1_86' title='bbox 661 1491 1057 1587; x_wconf 86' lang='lat' dir='ltr'><strong>plurimum</strong></span> <span class='ocrx_word' id='word_1_87' title='bbox 1086 1492 1402 1589; x_wconf 88' lang='lat' dir='ltr'><strong>populus</strong></span> <span class='ocrx_word' id='word_1_88' title='bbox 1437 1517 1784 1564; x_wconf 88' lang='lat' dir='ltr'><strong>romanus</strong></span> <span class='ocrx_word' id='word_1_89' title='bbox 1813 1494 2140 1590; x_wconf 80' lang='lat' dir='ltr'><strong>posset2?</strong></span> <span class='ocrx_word' id='word_1_90' title='bbox 2164 1491 2246 1564; x_wconf 92' lang='lat' dir='ltr'><strong>Id</strong></span> <span class='ocrx_word' id='word_1_91' title='bbox 2276 1493 2469 1563; x_wconf 87' lang='lat' dir='ltr'><strong>enim</strong></span> <span class='ocrx_word' id='word_1_92' title='bbox 2494 1490 2597 1564; x_wconf 89' lang='lat' dir='ltr'><strong>illi</strong></span> 
     </span>
    </p>
   </div>
   <div class='ocr_carea' id='block_1_5' title="bbox 401 1679 1494 4185">
    <p class='ocr_par' dir='ltr' id='par_1_6' title="bbox 401 1679 1494 4101">
     <span class='ocr_line' id='line_1_15' title="bbox 457 1679 1494 1741; baseline 0.001 -17"><span class='ocrx_word' id='word_1_93' title='bbox 457 1679 791 1741; x_wconf 77' lang='lat' dir='ltr'><em>pellabantur,</em></span> <span class='ocrx_word' id='word_1_94' title='bbox 814 1679 1002 1726; x_wconf 65' lang='lat' dir='ltr'><strong>tribuni</strong></span> <span class='ocrx_word' id='word_1_95' title='bbox 1016 1679 1220 1726; x_wconf 81' lang='lat' dir='ltr'><strong>militum</strong></span> <span class='ocrx_word' id='word_1_96' title='bbox 1241 1696 1275 1726; x_wconf 85' lang='lat' dir='ltr'><em>a</em></span> <span class='ocrx_word' id='word_1_97' title='bbox 1300 1681 1494 1727; x_wconf 76' lang='lat' dir='ltr'><strong>consule</strong></span> 
     </span>
     <span class='ocr_line' id='line_1_16' title="bbox 453 1756 1494 1823; baseline 0.002 -20"><span class='ocrx_word' id='word_1_98' title='bbox 453 1756 618 1821; x_wconf 81' lang='lat' dir='ltr'><strong>facti,</strong></span> <span class='ocrx_word' id='word_1_99' title='bbox 651 1773 747 1804; x_wconf 82' lang='lat' dir='ltr'><strong>non</strong></span> <span class='ocrx_word' id='word_1_100' title='bbox 778 1774 812 1803; x_wconf 88' lang='lat' dir='ltr'><em>a</em></span> <span class='ocrx_word' id='word_1_101' title='bbox 830 1759 1047 1822; x_wconf 83' lang='lat' dir='ltr'><strong>populo:</strong></span> <span class='ocrx_word' id='word_1_102' title='bbox 1073 1757 1135 1804; x_wconf 80' lang='lat' dir='ltr'><strong>de</strong></span> <span class='ocrx_word' id='word_1_103' title='bbox 1163 1775 1366 1822; x_wconf 83' lang='lat' dir='ltr'><strong>quorum</strong></span> <span class='ocrx_word' id='word_1_104' title='bbox 1376 1758 1494 1823; x_wconf 83' lang='lat' dir='ltr'><strong>jure</strong></span> 
     </span>
     <span class='ocr_line' id='line_1_17' title="bbox 467 1836 1494 1902; baseline 0.003 -21"><span class='ocrx_word' id='word_1_105' title='bbox 467 1836 604 1899; x_wconf 79' lang='lat' dir='ltr'><strong>quod</strong></span> <span class='ocrx_word' id='word_1_106' title='bbox 621 1836 824 1884; x_wconf 71' lang='lat' dir='ltr'><strong>Rutilius</strong></span> <span class='ocrx_word' id='word_1_107' title='bbox 843 1836 992 1902; x_wconf 72' lang='lat' dir='ltr'><strong>Bufies</strong></span> <span class='ocrx_word' id='word_1_108' title='bbox 1011 1838 1164 1902; x_wconf 76' lang='lat' dir='ltr'><strong>legem</strong></span> <span class='ocrx_word' id='word_1_109' title='bbox 1184 1838 1369 1895; x_wconf 78' lang='lat' dir='ltr'><strong>tulerit,</strong></span> <span class='ocrx_word' id='word_1_110' title='bbox 1400 1840 1494 1884; x_wconf 74' lang='lat' dir='ltr'><strong>Ru-</strong></span> 
     </span>
     <span class='ocr_line' id='line_1_18' title="bbox 450 1914 1489 1981; baseline 0.001 -18"><span class='ocrx_word' id='word_1_111' title='bbox 450 1914 585 1980; x_wconf 78' lang='lat' dir='ltr'><strong>fidi,</strong></span> <span class='ocrx_word' id='word_1_112' title='bbox 617 1933 679 1962; x_wconf 86' lang='lat' dir='ltr'><strong>ac</strong></span> <span class='ocrx_word' id='word_1_113' title='bbox 704 1929 819 1980; x_wconf 79' lang='lat' dir='ltr'><strong>post</strong></span> <span class='ocrx_word' id='word_1_114' title='bbox 844 1916 1037 1975; x_wconf 79' lang='lat' dir='ltr'><em>Rutuli,</em></span> <span class='ocrx_word' id='word_1_115' title='bbox 1068 1918 1171 1964; x_wconf 82' lang='lat' dir='ltr'><strong>sive</strong></span> <span class='ocrx_word' id='word_1_116' title='bbox 1199 1917 1365 1981; x_wconf 87' lang='lat' dir='ltr'><strong>potius</strong></span> <span class='ocrx_word' id='word_1_117' title='bbox 1388 1918 1489 1964; x_wconf 78' lang='lat' dir='ltr'><strong>Ru-</strong></span> 
     </span>
     <span class='ocr_line' id='line_1_19' title="bbox 469 1995 1488 2062; baseline -0.001 -20"><span class='ocrx_word' id='word_1_118' title='bbox 469 1995 574 2055; x_wconf 85' lang='lat' dir='ltr'><strong>tili,</strong></span> <span class='ocrx_word' id='word_1_119' title='bbox 604 1997 841 2060; x_wconf 81' lang='lat' dir='ltr'><strong>appellati</strong></span> <span class='ocrx_word' id='word_1_120' title='bbox 864 2009 989 2044; x_wconf 80' lang='lat' dir='ltr'><strong>sunt.</strong></span> <span class='ocrx_word' id='word_1_121' title='bbox 1016 2019 1041 2037; x_wconf 73' lang='lat'><strong>³&gt;</strong></span> <span class='ocrx_word' id='word_1_122' title='bbox 1069 1996 1176 2062; x_wconf 73' lang='grc' dir='ltr'><strong>ᾼΙίἰ</strong></span> <span class='ocrx_word' id='word_1_123' title='bbox 1201 2007 1315 2042; x_wconf 83' lang='lat' dir='ltr'><strong>sunt</strong></span> <span class='ocrx_word' id='word_1_124' title='bbox 1341 1996 1488 2041; x_wconf 82' lang='lat' dir='ltr'><strong>comi-</strong></span> 
     </span>
     <span class='ocr_line' id='line_1_20' title="bbox 470 2076 1492 2140; baseline -0.001 -19"><span class='ocrx_word' id='word_1_125' title='bbox 470 2076 608 2132; x_wconf 78' lang='lat' dir='ltr'><strong>tiaci,</strong></span> <span class='ocrx_word' id='word_1_126' title='bbox 635 2077 797 2140; x_wconf 83' lang='lat' dir='ltr'><strong>inquit</strong></span> <span class='ocrx_word' id='word_1_127' title='bbox 811 2078 995 2125; x_wconf 83' lang='lat' dir='ltr'><strong>Ascon.</strong></span> <span class='ocrx_word' id='word_1_128' title='bbox 1015 2077 1068 2123; x_wconf 89' lang='lat' dir='ltr'><strong>in</strong></span> <span class='ocrx_word' id='word_1_129' title='bbox 1090 2076 1258 2123; x_wconf 83' lang='lat' dir='ltr'><strong>Divin.</strong></span> <span class='ocrx_word' id='word_1_130' title='bbox 1277 2091 1385 2138; x_wconf 85' lang='lat' dir='ltr'><strong>cap.</strong></span> <span class='ocrx_word' id='word_1_131' title='bbox 1402 2090 1464 2121; x_wconf 79' lang='lat' dir='ltr'><strong>xo</strong></span> <span class='ocrx_word' id='word_1_132' title='bbox 1478 2108 1492 2131; x_wconf 92' lang='lat'>,</span> 
     </span>
     <span class='ocr_line' id='line_1_21' title="bbox 465 2155 1492 2220; baseline -0.003 -18"><span class='ocrx_word' id='word_1_133' title='bbox 465 2155 552 2218; x_wconf 86' lang='lat' dir='ltr'><strong>qui</strong></span> <span class='ocrx_word' id='word_1_134' title='bbox 568 2156 735 2204; x_wconf 73' lang='lat' dir='ltr'><strong>Roma:</strong></span> <span class='ocrx_word' id='word_1_135' title='bbox 751 2156 956 2203; x_wconf 78' lang='lat' dir='ltr'><strong>comitiis</strong></span> <span class='ocrx_word' id='word_1_136' title='bbox 974 2155 1303 2220; x_wconf 69' lang='lat' dir='ltr'><strong>designantur.</strong></span> <span class='ocrx_word' id='word_1_137' title='bbox 1320 2155 1492 2201; x_wconf 81' lang='lat' dir='ltr'><strong>En.—</strong></span> 
     </span>
     <span class='ocr_line' id='line_1_22' title="bbox 466 2230 1489 2299; baseline -0.004 -18"><span class='ocrx_word' id='word_1_138' title='bbox 466 2232 637 2281; x_wconf 79' lang='lat' dir='ltr'><strong>Cuivis</strong></span> <span class='ocrx_word' id='word_1_139' title='bbox 668 2235 852 2298; x_wconf 80' lang='lat' dir='ltr'><strong>legioni</strong></span> <span class='ocrx_word' id='word_1_140' title='bbox 893 2235 1104 2299; x_wconf 84' lang='lat' dir='ltr'><strong>primum</strong></span> <span class='ocrx_word' id='word_1_141' title='bbox 1136 2244 1263 2289; x_wconf 90' lang='lat' dir='ltr'><strong>tres,</strong></span> <span class='ocrx_word' id='word_1_142' title='bbox 1288 2230 1489 2289; x_wconf 89' lang='lat' dir='ltr'><strong>deinde,</strong></span> 
     </span>
     <span class='ocr_line' id='line_1_23' title="bbox 468 2309 1489 2375; baseline -0.003 -17"><span class='ocrx_word' id='word_1_143' title='bbox 468 2328 523 2358; x_wconf 91' lang='lat' dir='ltr'><strong>ea</strong></span> <span class='ocrx_word' id='word_1_144' title='bbox 543 2322 708 2367; x_wconf 58' lang='lat' dir='ltr'><strong>aucta.</strong></span> <span class='ocrx_word' id='word_1_145' title='bbox 734 2324 966 2375; x_wconf 83' lang='lat' dir='ltr'><strong>quatuor,</strong></span> <span class='ocrx_word' id='word_1_146' title='bbox 992 2321 1039 2358; x_wconf 86' lang='lat' dir='ltr'><strong>et</strong></span> <span class='ocrx_word' id='word_1_147' title='bbox 1066 2309 1261 2357; x_wconf 85' lang='lat' dir='ltr'><strong>tandem</strong></span> <span class='ocrx_word' id='word_1_148' title='bbox 1291 2325 1378 2356; x_wconf 83' lang='lat' dir='ltr'><strong>sex</strong></span> <span class='ocrx_word' id='word_1_149' title='bbox 1404 2310 1489 2358; x_wconf 87' lang='lat' dir='ltr'><strong>tri-</strong></span> 
     </span>
     <span class='ocr_line' id='line_1_24' title="bbox 463 2389 1491 2454; baseline -0.001 -18"><span class='ocrx_word' id='word_1_150' title='bbox 463 2389 586 2436; x_wconf 81' lang='lat' dir='ltr'><strong>buni</strong></span> <span class='ocrx_word' id='word_1_151' title='bbox 601 2390 742 2437; x_wconf 87' lang='lat' dir='ltr'><strong>milit.</strong></span> <span class='ocrx_word' id='word_1_152' title='bbox 757 2401 1025 2454; x_wconf 75' lang='lat' dir='ltr'><strong>praeerant3</strong></span> <span class='ocrx_word' id='word_1_153' title='bbox 1043 2389 1262 2450; x_wconf 75' lang='lat' dir='ltr'><strong>adeoque</strong></span> <span class='ocrx_word' id='word_1_154' title='bbox 1281 2399 1491 2450; x_wconf 77' lang='lat' dir='ltr'><strong>quatuor</strong></span> 
     </span>
     <span class='ocr_line' id='line_1_25' title="bbox 464 2468 1489 2531; baseline 0.001 -17"><span class='ocrx_word' id='word_1_155' title='bbox 464 2468 740 2530; x_wconf 81' lang='lat' dir='ltr'><strong>legionibus</strong></span> <span class='ocrx_word' id='word_1_156' title='bbox 755 2502 769 2526; x_wconf 93' lang='lat'><strong>,</strong></span> <span class='ocrx_word' id='word_1_157' title='bbox 805 2479 927 2530; x_wconf 89' lang='lat' dir='ltr'><strong>quot</strong></span> <span class='ocrx_word' id='word_1_158' title='bbox 974 2479 1078 2515; x_wconf 90' lang='lat' dir='ltr'><strong>tum</strong></span> <span class='ocrx_word' id='word_1_159' title='bbox 1127 2468 1414 2531; x_wconf 84' lang='lat' dir='ltr'><strong>plerumque</strong></span> <span class='ocrx_word' id='word_1_160' title='bbox 1462 2484 1489 2515; x_wconf 92' lang='lat' dir='ltr'><strong>a</strong></span> 
     </span>
     <span class='ocr_line' id='line_1_26' title="bbox 464 2545 1489 2610; baseline 0.002 -19"><span class='ocrx_word' id='word_1_161' title='bbox 464 2546 747 2593; x_wconf 88' lang='lat' dir='ltr'><strong>consulibus</strong></span> <span class='ocrx_word' id='word_1_162' title='bbox 764 2546 1117 2604; x_wconf 81' lang='lat' dir='ltr'>scribebantur,</span> <span class='ocrx_word' id='word_1_163' title='bbox 1134 2547 1311 2592; x_wconf 77' lang='lat' dir='ltr'>XXIV</span> <span class='ocrx_word' id='word_1_164' title='bbox 1328 2545 1489 2610; x_wconf 86' lang='lat' dir='ltr'>praefi-</span> 
     </span>
     <span class='ocr_line' id='line_1_27' title="bbox 463 2624 1488 2688; baseline 0.001 -17"><span class='ocrx_word' id='word_1_165' title='bbox 463 2624 731 2671; x_wconf 71' lang='lat' dir='ltr'><strong>ciebantur.</strong></span> <span class='ocrx_word' id='word_1_166' title='bbox 761 2627 871 2672; x_wconf 87' lang='lat' dir='ltr'><strong>Hoc</strong></span> <span class='ocrx_word' id='word_1_167' title='bbox 893 2641 1024 2672; x_wconf 86' lang='lat' dir='ltr'><strong>anno</strong></span> <span class='ocrx_word' id='word_1_168' title='bbox 1044 2625 1258 2688; x_wconf 88' lang='lat' dir='ltr'><strong>primum</strong></span> <span class='ocrx_word' id='word_1_169' title='bbox 1278 2626 1488 2685; x_wconf 83' lang='lat' dir='ltr'><strong>tribuni,</strong></span> 
     </span>
     <span class='ocr_line' id='line_1_28' title="bbox 460 2702 1488 2774; baseline 0.002 -23"><span class='ocrx_word' id='word_1_170' title='bbox 460 2715 510 2751; x_wconf 93' lang='lat' dir='ltr'><strong>et</strong></span> <span class='ocrx_word' id='word_1_171' title='bbox 538 2702 735 2767; x_wconf 88' lang='lat' dir='ltr'><strong>quidem</strong></span> <span class='ocrx_word' id='word_1_172' title='bbox 763 2720 880 2762; x_wconf 88' lang='lat' dir='ltr'><strong>sex,</strong></span> <span class='ocrx_word' id='word_1_173' title='bbox 914 2717 941 2751; x_wconf 86' lang='lat' dir='ltr'><strong>a</strong></span> <span class='ocrx_word' id='word_1_174' title='bbox 969 2704 1160 2774; x_wconf 66' lang='lat' dir='ltr'><strong>Ropulo</strong></span> <span class='ocrx_word' id='word_1_175' title='bbox 1190 2705 1243 2751; x_wconf 87' lang='lat' dir='ltr'><strong>in</strong></span> <span class='ocrx_word' id='word_1_176' title='bbox 1279 2716 1488 2768; x_wconf 84' lang='lat' dir='ltr'><strong>quatuor</strong></span> 
     </span>
     <span class='ocr_line' id='line_1_29' title="bbox 463 2783 1491 2846; baseline 0.004 -17"><span class='ocrx_word' id='word_1_177' title='bbox 463 2783 681 2846; x_wconf 79' lang='lat' dir='ltr'><strong>legiones</strong></span> <span class='ocrx_word' id='word_1_178' title='bbox 708 2785 883 2842; x_wconf 85' lang='lat' dir='ltr'><strong>creati,</strong></span> <span class='ocrx_word' id='word_1_179' title='bbox 904 2795 952 2831; x_wconf 89' lang='lat' dir='ltr'><strong>et</strong></span> <span class='ocrx_word' id='word_1_180' title='bbox 976 2800 1053 2831; x_wconf 90' lang='lat' dir='ltr'><strong>an.</strong></span> <span class='ocrx_word' id='word_1_181' title='bbox 1079 2785 1201 2831; x_wconf 88' lang='lat' dir='ltr'><strong>Urb.</strong></span> <span class='ocrx_word' id='word_1_182' title='bbox 1227 2787 1359 2843; x_wconf 77' lang='lat'><strong>4433</strong></span> <span class='ocrx_word' id='word_1_183' title='bbox 1386 2786 1491 2833; x_wconf 81' lang='lat' dir='ltr'><strong>seni</strong></span> 
     </span>
     <span class='ocr_line' id='line_1_30' title="bbox 462 2861 1487 2921; baseline 0.004 -14"><span class='ocrx_word' id='word_1_184' title='bbox 462 2861 578 2909; x_wconf 80' lang='lat' dir='ltr'><strong>deni</strong></span> <span class='ocrx_word' id='word_1_185' title='bbox 597 2864 698 2921; x_wconf 80' lang='lat' dir='ltr'><strong>lx,</strong></span> <span class='ocrx_word' id='word_1_186' title='bbox 724 2864 816 2916; x_wconf 83' lang='lat'><strong>30;</strong></span> <span class='ocrx_word' id='word_1_187' title='bbox 846 2864 880 2909; x_wconf 92' lang='lat' dir='ltr'><strong>i.</strong></span> <span class='ocrx_word' id='word_1_188' title='bbox 900 2880 941 2909; x_wconf 91' lang='lat' dir='ltr'><strong>e.</strong></span> <span class='ocrx_word' id='word_1_189' title='bbox 962 2862 1207 2911; x_wconf 79' lang='lat' dir='ltr'>sexdecim</span> <span class='ocrx_word' id='word_1_190' title='bbox 1227 2881 1290 2912; x_wconf 82' lang='lat' dir='ltr'><strong>ex</strong></span> <span class='ocrx_word' id='word_1_191' title='bbox 1310 2866 1487 2913; x_wconf 78' lang='lat' dir='ltr'>XXIV</span> 
     </span>
     <span class='ocr_line' id='line_1_31' title="bbox 460 2941 1489 3005; baseline 0.002 -17"><span class='ocrx_word' id='word_1_192' title='bbox 460 2941 673 2988; x_wconf 84' lang='lat' dir='ltr'><strong>tribunis</strong></span> <span class='ocrx_word' id='word_1_193' title='bbox 717 2943 771 2990; x_wconf 88' lang='lat' dir='ltr'><strong>in</strong></span> <span class='ocrx_word' id='word_1_194' title='bbox 817 2943 891 2988; x_wconf 88' lang='lat' dir='ltr'><strong>IV</strong></span> <span class='ocrx_word' id='word_1_195' title='bbox 929 2942 1231 3005; x_wconf 73' lang='lat' dir='ltr'><strong>legionibus,</strong></span> <span class='ocrx_word' id='word_1_196' title='bbox 1270 2942 1489 3005; x_wconf 79' lang='lat' dir='ltr'>adeoque</span> 
     </span>
     <span class='ocr_line' id='line_1_32' title="bbox 463 3019 1491 3084; baseline 0.002 -18"><span class='ocrx_word' id='word_1_197' title='bbox 463 3019 572 3066; x_wconf 85' lang='lat' dir='ltr'><strong>duae</strong></span> <span class='ocrx_word' id='word_1_198' title='bbox 593 3021 748 3068; x_wconf 81' lang='lat' dir='ltr'><strong>tertiae</strong></span> <span class='ocrx_word' id='word_1_199' title='bbox 768 3031 929 3084; x_wconf 84' lang='lat' dir='ltr'><strong>partes</strong></span> <span class='ocrx_word' id='word_1_200' title='bbox 952 3036 1045 3081; x_wconf 85' lang='lat' dir='ltr'><strong>pro</strong></span> <span class='ocrx_word' id='word_1_201' title='bbox 1065 3033 1249 3082; x_wconf 87' lang='lat' dir='ltr'><strong>quarta.</strong></span> <span class='ocrx_word' id='word_1_202' title='bbox 1272 3020 1491 3068; x_wconf 85' lang='lat' dir='ltr'>Tandem</span> 
     </span>
     <span class='ocr_line' id='line_1_33' title="bbox 459 3097 1489 3160; baseline -0.002 -15"><span class='ocrx_word' id='word_1_203' title='bbox 459 3114 487 3145; x_wconf 89' lang='lat' dir='ltr'><strong>a</strong></span> <span class='ocrx_word' id='word_1_204' title='bbox 508 3108 677 3145; x_wconf 88' lang='lat' dir='ltr'><strong>senatu</strong></span> <span class='ocrx_word' id='word_1_205' title='bbox 699 3098 948 3144; x_wconf 83' lang='lat' dir='ltr'><strong>decretum</strong></span> <span class='ocrx_word' id='word_1_206' title='bbox 964 3132 979 3155; x_wconf 92' lang='lat'>‚</span> <span class='ocrx_word' id='word_1_207' title='bbox 1007 3097 1128 3144; x_wconf 78' lang='lat' dir='ltr'><strong>utin</strong></span> <span class='ocrx_word' id='word_1_208' title='bbox 1151 3109 1258 3144; x_wconf 81' lang='lat' dir='ltr'><strong>octo</strong></span> <span class='ocrx_word' id='word_1_209' title='bbox 1282 3097 1489 3160; x_wconf 74' lang='lat' dir='ltr'><strong>legiones</strong></span> 
     </span>
     <span class='ocr_line' id='line_1_34' title="bbox 448 3175 1487 3240; baseline 0 -17"><span class='ocrx_word' id='word_1_210' title='bbox 448 3192 626 3240; x_wconf 80' lang='lat' dir='ltr'><strong>parem</strong></span> <span class='ocrx_word' id='word_1_211' title='bbox 658 3192 909 3229; x_wconf 80' lang='lat' dir='ltr'><strong>numerum</strong></span> <span class='ocrx_word' id='word_1_212' title='bbox 938 3175 1239 3223; x_wconf 82' lang='lat' dir='ltr'><strong>tribunorum</strong></span> <span class='ocrx_word' id='word_1_213' title='bbox 1272 3177 1487 3223; x_wconf 84' lang='lat' dir='ltr'><strong>consules</strong></span> 
     </span>
     <span class='ocr_line' id='line_1_35' title="bbox 461 3254 1485 3318; baseline 0.002 -17"><span class='ocrx_word' id='word_1_214' title='bbox 461 3267 510 3302; x_wconf 81' lang='lat' dir='ltr'><strong>et</strong></span> <span class='ocrx_word' id='word_1_215' title='bbox 525 3254 738 3318; x_wconf 83' lang='lat' dir='ltr'><strong>populus</strong></span> <span class='ocrx_word' id='word_1_216' title='bbox 767 3266 990 3302; x_wconf 82' lang='lat' dir='ltr'><strong>crearent</strong></span> <span class='ocrx_word' id='word_1_217' title='bbox 1013 3256 1196 3313; x_wconf 76' lang='lat' dir='ltr'><strong>XLIV,</strong></span> <span class='ocrx_word' id='word_1_218' title='bbox 1226 3270 1253 3301; x_wconf 75' lang='lat' dir='ltr'><strong>a</strong></span> <span class='ocrx_word' id='word_1_219' title='bbox 1267 3269 1309 3300; x_wconf 88' lang='lat'><strong>1.</strong></span> <span class='ocrx_word' id='word_1_220' title='bbox 1338 3255 1485 3304; x_wconf 87' lang='lat' dir='ltr'><strong>Conf.</strong></span> 
     </span>
     <span class='ocr_line' id='line_1_36' title="bbox 457 3333 1485 3397; baseline -0.001 -15"><span class='ocrx_word' id='word_1_221' title='bbox 457 3334 568 3382; x_wconf 89' lang='lat' dir='ltr'><strong>Ind.</strong></span> <span class='ocrx_word' id='word_1_222' title='bbox 590 3344 638 3380; x_wconf 86' lang='lat' dir='ltr'><strong>et</strong></span> <span class='ocrx_word' id='word_1_223' title='bbox 656 3334 787 3397; x_wconf 86' lang='lat' dir='ltr'><strong>Lips.</strong></span> <span class='ocrx_word' id='word_1_224' title='bbox 811 3333 872 3380; x_wconf 88' lang='lat' dir='ltr'><strong>de</strong></span> <span class='ocrx_word' id='word_1_225' title='bbox 893 3333 1001 3380; x_wconf 89' lang='lat' dir='ltr'><strong>Mil.</strong></span> <span class='ocrx_word' id='word_1_226' title='bbox 1024 3347 1152 3380; x_wconf 84' lang='lat' dir='ltr'><strong>rom.</strong></span> <span class='ocrx_word' id='word_1_227' title='bbox 1175 3335 1226 3380; x_wconf 91' lang='lat'><strong>11</strong></span> <span class='ocrx_word' id='word_1_228' title='bbox 1240 3366 1254 3390; x_wconf 94' lang='lat'><em>‚</em></span> <span class='ocrx_word' id='word_1_229' title='bbox 1276 3347 1324 3393; x_wconf 88' lang='lat'><strong>9.</strong></span> <span class='ocrx_word' id='word_1_230' title='bbox 1341 3336 1485 3381; x_wconf 84' lang='lat' dir='ltr'>Forte</span> 
     </span>
     <span class='ocr_line' id='line_1_37' title="bbox 456 3411 1477 3478; baseline -0.001 -16"><span class='ocrx_word' id='word_1_231' title='bbox 456 3413 552 3478; x_wconf 83' lang='lat' dir='ltr'><strong>leg.</strong></span> <span class='ocrx_word' id='word_1_232' title='bbox 582 3428 701 3459; x_wconf 85' lang='lat' dir='ltr'><strong>nam</strong></span> <span class='ocrx_word' id='word_1_233' title='bbox 727 3424 874 3468; x_wconf 82' lang='lat' dir='ltr'><strong>ante,</strong></span> <span class='ocrx_word' id='word_1_234' title='bbox 905 3411 1030 3459; x_wconf 79' lang='lat' dir='ltr'><strong>sicut</strong></span> <span class='ocrx_word' id='word_1_235' title='bbox 1056 3422 1105 3457; x_wconf 84' lang='lat' dir='ltr'><strong>et</strong></span> <span class='ocrx_word' id='word_1_236' title='bbox 1134 3426 1263 3457; x_wconf 81' lang='lat' dir='ltr'><strong>nunc</strong></span> <span class='ocrx_word' id='word_1_237' title='bbox 1280 3445 1296 3467; x_wconf 90' lang='lat'><strong><em>,</em></strong></span> <span class='ocrx_word' id='word_1_238' title='bbox 1332 3428 1477 3475; x_wconf 75' lang='lat' dir='ltr'><strong>quos,</strong></span> 
     </span>
     <span class='ocr_line' id='line_1_38' title="bbox 401 3489 1483 3546; baseline -0.002 -6"><span class='ocrx_word' id='word_1_239' title='bbox 401 3491 404 3496; x_wconf 76' lang='grc'><strong>’</strong></span> <span class='ocrx_word' id='word_1_240' title='bbox 458 3489 912 3541; x_wconf 81' lang='lat' dir='ltr'><strong>etc.-·—Secundum</strong></span> <span class='ocrx_word' id='word_1_241' title='bbox 939 3489 988 3536; x_wconf 83' lang='lat' dir='ltr'><strong>in</strong></span> <span class='ocrx_word' id='word_1_242' title='bbox 1014 3505 1103 3536; x_wconf 77' lang='lat' dir='ltr'><strong>sex</strong></span> <span class='ocrx_word' id='word_1_243' title='bbox 1122 3490 1262 3546; x_wconf 82' lang='lat' dir='ltr'><strong>Iocis,</strong></span> <span class='ocrx_word' id='word_1_244' title='bbox 1285 3490 1400 3537; x_wconf 79' lang='lat' dir='ltr'><strong>vide</strong></span> <span class='ocrx_word' id='word_1_245' title='bbox 1419 3492 1483 3538; x_wconf 88' lang='lat' dir='ltr'><strong>ad</strong></span> 
     </span>
     <span class='ocr_line' id='line_1_39' title="bbox 458 3568 1481 3634; baseline -0.001 -15"><span class='ocrx_word' id='word_1_246' title='bbox 458 3573 549 3630; x_wconf 80' lang='lat' dir='ltr'><strong>IV,</strong></span> <span class='ocrx_word' id='word_1_247' title='bbox 581 3571 643 3618; x_wconf 88' lang='lat'><strong>16</strong></span> <span class='ocrx_word' id='word_1_248' title='bbox 659 3605 673 3628; x_wconf 92' lang='lat'>,</span> <span class='ocrx_word' id='word_1_249' title='bbox 705 3586 756 3616; x_wconf 88' lang='lat' dir='ltr'><strong>n.</strong></span> <span class='ocrx_word' id='word_1_250' title='bbox 781 3569 826 3617; x_wconf 82' lang='lat'><strong>5.</strong></span> <span class='ocrx_word' id='word_1_251' title='bbox 853 3594 922 3604; x_wconf 91' lang='lat'><strong>——</strong></span> <span class='ocrx_word' id='word_1_252' title='bbox 946 3569 995 3616; x_wconf 88' lang='lat' dir='ltr'><strong>Si</strong></span> <span class='ocrx_word' id='word_1_253' title='bbox 1015 3568 1233 3631; x_wconf 30' lang='lat' dir='ltr'><strong>legio-nes</strong></span> <span class='ocrx_word' id='word_1_254' title='bbox 1253 3580 1481 3634; x_wconf 81' lang='lat' dir='ltr'><strong>quatuor,</strong></span> 
     </span>
     <span class='ocr_line' id='line_1_40' title="bbox 454 3647 1480 3714; baseline -0.001 -16"><span class='ocrx_word' id='word_1_255' title='bbox 454 3662 511 3698; x_wconf 89' lang='lat' dir='ltr'><strong>ut</strong></span> <span class='ocrx_word' id='word_1_256' title='bbox 530 3650 678 3697; x_wconf 87' lang='lat' dir='ltr'><strong>moris</strong></span> <span class='ocrx_word' id='word_1_257' title='bbox 699 3658 801 3696; x_wconf 88' lang='lat' dir='ltr'><strong>erat</strong></span> <span class='ocrx_word' id='word_1_258' title='bbox 815 3681 829 3705; x_wconf 93' lang='lat'><strong>,</strong></span> <span class='ocrx_word' id='word_1_259' title='bbox 855 3647 954 3694; x_wconf 62' lang='lat' dir='ltr'><strong>hoo</strong></span> <span class='ocrx_word' id='word_1_260' title='bbox 971 3663 1105 3694; x_wconf 84' lang='lat' dir='ltr'><strong>anno</strong></span> <span class='ocrx_word' id='word_1_261' title='bbox 1127 3649 1321 3712; x_wconf 73' lang='lat' dir='ltr'><strong>scripta:</strong></span> <span class='ocrx_word' id='word_1_262' title='bbox 1340 3660 1480 3714; x_wconf 84' lang='lat' dir='ltr'><strong>sunt,</strong></span> 
     </span>
     <span class='ocr_line' id='line_1_41' title="bbox 455 3725 1480 3791; baseline -0.002 -14"><span class='ocrx_word' id='word_1_263' title='bbox 455 3740 664 3791; x_wconf 80' lang='lat' dir='ltr'><strong>quatuor</strong></span> <span class='ocrx_word' id='word_1_264' title='bbox 708 3738 757 3774; x_wconf 89' lang='lat' dir='ltr'><strong>et</strong></span> <span class='ocrx_word' id='word_1_265' title='bbox 802 3725 979 3790; x_wconf 78' lang='lat' dir='ltr'><strong>viginti</strong></span> <span class='ocrx_word' id='word_1_266' title='bbox 1019 3727 1228 3775; x_wconf 82' lang='lat' dir='ltr'><strong>tribunis</strong></span> <span class='ocrx_word' id='word_1_267' title='bbox 1268 3729 1480 3776; x_wconf 88' lang='lat' dir='ltr'><strong>militum</strong></span> 
     </span>
     <span class='ocr_line' id='line_1_42' title="bbox 456 3805 1481 3871; baseline 0.002 -18"><span class='ocrx_word' id='word_1_268' title='bbox 456 3822 581 3870; x_wconf 88' lang='lat' dir='ltr'><strong>opus</strong></span> <span class='ocrx_word' id='word_1_269' title='bbox 599 3818 716 3854; x_wconf 83' lang='lat' dir='ltr'><strong>erat.</strong></span> <span class='ocrx_word' id='word_1_270' title='bbox 736 3805 833 3854; x_wconf 90' lang='lat' dir='ltr'><strong>Sed</strong></span> <span class='ocrx_word' id='word_1_271' title='bbox 849 3822 938 3869; x_wconf 89' lang='lat' dir='ltr'><strong>per</strong></span> <span class='ocrx_word' id='word_1_272' title='bbox 958 3806 1063 3853; x_wconf 84' lang='lat' dir='ltr'><strong>haec</strong></span> <span class='ocrx_word' id='word_1_273' title='bbox 1086 3818 1306 3871; x_wconf 86' lang='lat' dir='ltr'><strong>tempora</strong></span> <span class='ocrx_word' id='word_1_274' title='bbox 1334 3808 1481 3856; x_wconf 85' lang='lat' dir='ltr'><strong>dicta-</strong></span> 
     </span>
     <span class='ocr_line' id='line_1_43' title="bbox 451 3884 1481 3952; baseline 0.003 -21"><span class='ocrx_word' id='word_1_275' title='bbox 451 3895 583 3933; x_wconf 85' lang='lat' dir='ltr'><strong>tores</strong></span> <span class='ocrx_word' id='word_1_276' title='bbox 603 3897 651 3932; x_wconf 89' lang='lat' dir='ltr'><strong>et</strong></span> <span class='ocrx_word' id='word_1_277' title='bbox 672 3884 921 3942; x_wconf 84' lang='lat' dir='ltr'><strong>eonsules,</strong></span> <span class='ocrx_word' id='word_1_278' title='bbox 938 3902 1027 3949; x_wconf 89' lang='lat' dir='ltr'><strong>per</strong></span> <span class='ocrx_word' id='word_1_279' title='bbox 1040 3902 1187 3948; x_wconf 89' lang='lat' dir='ltr'><strong>quam</strong></span> <span class='ocrx_word' id='word_1_280' title='bbox 1198 3887 1365 3952; x_wconf 80' lang='lat' dir='ltr'><strong>paucis</strong></span> <span class='ocrx_word' id='word_1_281' title='bbox 1384 3888 1481 3934; x_wconf 86' lang='lat' dir='ltr'><strong>suf-</strong></span> 
     </span>
     <span class='ocr_line' id='line_1_44' title="bbox 457 3963 1481 4029; baseline 0.004 -20"><span class='ocrx_word' id='word_1_282' title='bbox 457 3963 611 4026; x_wconf 78' lang='lat' dir='ltr'><strong>fragio</strong></span> <span class='ocrx_word' id='word_1_283' title='bbox 628 3964 804 4028; x_wconf 85' lang='lat' dir='ltr'><strong>populi</strong></span> <span class='ocrx_word' id='word_1_284' title='bbox 824 3964 1006 4010; x_wconf 86' lang='lat' dir='ltr'><strong>relictis</strong></span> <span class='ocrx_word' id='word_1_285' title='bbox 1023 3965 1171 4024; x_wconf 83' lang='lat' dir='ltr'><strong>loeis,</strong></span> <span class='ocrx_word' id='word_1_286' title='bbox 1198 3965 1382 4029; x_wconf 81' lang='lat' dir='ltr'><strong>reliqua</strong></span> <span class='ocrx_word' id='word_1_287' title='bbox 1404 3967 1481 4014; x_wconf 88' lang='lat' dir='ltr'><strong>sui</strong></span> 
     </span>
     <span class='ocr_line' id='line_1_45' title="bbox 456 4039 1479 4101; baseline 0.005 -14"><span class='ocrx_word' id='word_1_288' title='bbox 456 4039 681 4087; x_wconf 81' lang='lat' dir='ltr'><strong>beneficii</strong></span> <span class='ocrx_word' id='word_1_289' title='bbox 694 4041 962 4099; x_wconf 77' lang='lat' dir='ltr'><strong>faciebant3</strong></span> <span class='ocrx_word' id='word_1_290' title='bbox 980 4058 1027 4088; x_wconf 85' lang='lat' dir='ltr'><strong>v.</strong></span> <span class='ocrx_word' id='word_1_291' title='bbox 1045 4043 1151 4090; x_wconf 87' lang='lat' dir='ltr'><strong>Liv.</strong></span> <span class='ocrx_word' id='word_1_292' title='bbox 1167 4046 1242 4091; x_wconf 80' lang='lat' dir='ltr'><strong>IX</strong></span> <span class='ocrx_word' id='word_1_293' title='bbox 1253 4076 1268 4101; x_wconf 87' lang='lat'><strong>,</strong></span> <span class='ocrx_word' id='word_1_294' title='bbox 1286 4045 1368 4091; x_wconf 82' lang='lat'><strong>30.</strong></span> <span class='ocrx_word' id='word_1_295' title='bbox 1385 4047 1479 4093; x_wconf 87' lang='lat' dir='ltr'><strong>En.</strong></span> 
     </span>
    </p>

    <p class='ocr_par' dir='ltr' id='par_1_7' title="bbox 523 4116 1476 4185">
     <span class='ocr_line' id='line_1_46' title="bbox 523 4116 1476 4185; baseline 0.009 -23"><span class='ocrx_word' id='word_1_296' title='bbox 523 4116 741 4164; x_wconf 57' lang='lat' dir='ltr'><strong>Car-VI.</strong></span> <span class='ocrx_word' id='word_1_297' title='bbox 761 4132 804 4163; x_wconf 88' lang='lat'><strong>1.</strong></span> <span class='ocrx_word' id='word_1_298' title='bbox 831 4119 1122 4183; x_wconf 74' lang='lat' dir='ltr'><strong>Voraginem</strong></span> <span class='ocrx_word' id='word_1_299' title='bbox 1141 4121 1360 4185; x_wconf 82' lang='lat' dir='ltr'><strong>conjectu</strong></span> <span class='ocrx_word' id='word_1_300' title='bbox 1382 4134 1476 4170; x_wconf 82' lang='lat' dir='ltr'><strong>ter-</strong></span> 
     </span>
    </p>
   </div>
   <div class='ocr_carea' id='block_1_6' title="bbox 1569 1680 2604 4186">
    <p class='ocr_par' dir='ltr' id='par_1_8' title="bbox 1569 1680 2604 4108">
     <span class='ocr_line' id='line_1_47' title="bbox 1583 1680 2601 1745; baseline 0 -19"><span class='ocrx_word' id='word_1_301' title='bbox 1583 1696 1674 1737; x_wconf 82' lang='lat' dir='ltr'><strong>rae,</strong></span> <span class='ocrx_word' id='word_1_302' title='bbox 1699 1697 1847 1744; x_wconf 86' lang='lat' dir='ltr'><strong>quum</strong></span> <span class='ocrx_word' id='word_1_303' title='bbox 1849 1697 1946 1745; x_wconf 83' lang='lat' dir='ltr'><strong>pro</strong></span> <span class='ocrx_word' id='word_1_304' title='bbox 1970 1698 2020 1727; x_wconf 83' lang='lat' dir='ltr'><strong>se</strong></span> <span class='ocrx_word' id='word_1_305' title='bbox 2041 1680 2240 1745; x_wconf 82' lang='lat' dir='ltr'><strong>quisque</strong></span> <span class='ocrx_word' id='word_1_306' title='bbox 2252 1691 2462 1745; x_wconf 80' lang='lat' dir='ltr'><strong>gereret,</strong></span> <span class='ocrx_word' id='word_1_307' title='bbox 2482 1696 2601 1726; x_wconf 89' lang='lat' dir='ltr'><strong>con-</strong></span> 
     </span>
     <span class='ocr_line' id='line_1_48' title="bbox 1583 1758 2598 1824; baseline 0 -19"><span class='ocrx_word' id='word_1_308' title='bbox 1583 1771 1767 1821; x_wconf 81' lang='lat' dir='ltr'>gereret</span> <span class='ocrx_word' id='word_1_309' title='bbox 1794 1758 1965 1824; x_wconf 85' lang='lat' dir='ltr'><strong>(quod</strong></span> <span class='ocrx_word' id='word_1_310' title='bbox 1988 1760 2087 1819; x_wconf 84' lang='lat' dir='ltr'><strong>jam</strong></span> <span class='ocrx_word' id='word_1_311' title='bbox 2116 1760 2168 1805; x_wconf 87' lang='lat' dir='ltr'><strong>in</strong></span> <span class='ocrx_word' id='word_1_312' title='bbox 2199 1759 2415 1823; x_wconf 79' lang='lat' dir='ltr'><strong>conjectu</strong></span> <span class='ocrx_word' id='word_1_313' title='bbox 2447 1759 2598 1806; x_wconf 85' lang='lat' dir='ltr'><strong>latere</strong></span> 
     </span>
     <span class='ocr_line' id='line_1_49' title="bbox 1580 1838 2598 1904; baseline -0.001 -19"><span class='ocrx_word' id='word_1_314' title='bbox 1580 1851 1749 1887; x_wconf 89' lang='lat' dir='ltr'><strong>monet</strong></span> <span class='ocrx_word' id='word_1_315' title='bbox 1770 1839 2001 1904; x_wconf 59' lang='lat' dir='ltr'><strong>Stroth),</strong></span> <span class='ocrx_word' id='word_1_316' title='bbox 2030 1839 2135 1887; x_wconf 79' lang='lat' dir='ltr'><strong>scil.</strong></span> <span class='ocrx_word' id='word_1_317' title='bbox 2157 1851 2332 1887; x_wconf 83' lang='lat' dir='ltr'><strong>terram</strong></span> <span class='ocrx_word' id='word_1_318' title='bbox 2348 1873 2362 1898; x_wconf 88' lang='lat'>‚</span> <span class='ocrx_word' id='word_1_319' title='bbox 2391 1838 2486 1884; x_wconf 88' lang='lat' dir='ltr'><strong>nisi</strong></span> <span class='ocrx_word' id='word_1_320' title='bbox 2501 1838 2598 1900; x_wconf 81' lang='lat' dir='ltr'><strong>leg.</strong></span> 
     </span>
     <span class='ocr_line' id='line_1_50' title="bbox 1581 1916 2600 1981; baseline -0.001 -18"><span class='ocrx_word' id='word_1_321' title='bbox 1581 1934 1745 1980; x_wconf 86' lang='lat' dir='ltr'><strong>quam.</strong></span> <span class='ocrx_word' id='word_1_322' title='bbox 1787 1920 1910 1981; x_wconf 86' lang='lat' dir='ltr'><strong>Quae</strong></span> <span class='ocrx_word' id='word_1_323' title='bbox 1943 1935 2060 1965; x_wconf 85' lang='lat' dir='ltr'><strong>mox</strong></span> <span class='ocrx_word' id='word_1_324' title='bbox 2093 1929 2349 1964; x_wconf 80' lang='lat' dir='ltr'><strong>narrantur</strong></span> <span class='ocrx_word' id='word_1_325' title='bbox 2381 1916 2600 1964; x_wconf 84' lang='lat' dir='ltr'><strong>fabulosa</strong></span> 
     </span>
     <span class='ocr_line' id='line_1_51' title="bbox 1580 1994 2597 2061; baseline -0.001 -20"><span class='ocrx_word' id='word_1_326' title='bbox 1580 2008 1719 2055; x_wconf 88' lang='lat' dir='ltr'><strong>sunt,</strong></span> <span class='ocrx_word' id='word_1_327' title='bbox 1757 2008 1805 2044; x_wconf 87' lang='lat' dir='ltr'><strong>et</strong></span> <span class='ocrx_word' id='word_1_328' title='bbox 1840 1997 2030 2060; x_wconf 81' lang='lat' dir='ltr'><strong>insigne</strong></span> <span class='ocrx_word' id='word_1_329' title='bbox 2064 1996 2420 2061; x_wconf 79' lang='lat' dir='ltr'><strong>superstitionis</strong></span> <span class='ocrx_word' id='word_1_330' title='bbox 2448 1994 2597 2041; x_wconf 85' lang='lat' dir='ltr'><strong>doou-</strong></span> 
     </span>
     <span class='ocr_line' id='line_1_52' title="bbox 1580 2075 2597 2140; baseline -0.001 -20"><span class='ocrx_word' id='word_1_331' title='bbox 1580 2087 1823 2140; x_wconf 77' lang='lat' dir='ltr'><strong>mentum,</strong></span> <span class='ocrx_word' id='word_1_332' title='bbox 1856 2087 1912 2123; x_wconf 90' lang='lat' dir='ltr'><strong>ut</strong></span> <span class='ocrx_word' id='word_1_333' title='bbox 1948 2087 1997 2123; x_wconf 84' lang='lat' dir='ltr'><strong>et</strong></span> <span class='ocrx_word' id='word_1_334' title='bbox 2032 2092 2116 2134; x_wconf 89' lang='lat' dir='ltr'><strong>ea,</strong></span> <span class='ocrx_word' id='word_1_335' title='bbox 2149 2091 2256 2139; x_wconf 72' lang='lat' dir='ltr'><strong>quae</strong></span> <span class='ocrx_word' id='word_1_336' title='bbox 2282 2092 2388 2139; x_wconf 85' lang='lat' dir='ltr'><strong>cap.</strong></span> <span class='ocrx_word' id='word_1_337' title='bbox 2418 2090 2452 2131; x_wconf 66' lang='grc' dir='ltr'><strong><em>ρ</em></strong></span> <span class='ocrx_word' id='word_1_338' title='bbox 2485 2083 2534 2120; x_wconf 87' lang='lat' dir='ltr'><strong>et</strong></span> <span class='ocrx_word' id='word_1_339' title='bbox 2567 2075 2597 2119; x_wconf 79' lang='lat'>3</span> 
     </span>
     <span class='ocr_line' id='line_1_53' title="bbox 1579 2152 2600 2218; baseline -0.003 -18"><span class='ocrx_word' id='word_1_340' title='bbox 1579 2154 1822 2217; x_wconf 80' lang='lat' dir='ltr'><strong>leguntur.</strong></span> <span class='ocrx_word' id='word_1_341' title='bbox 1867 2156 1978 2202; x_wconf 90' lang='lat' dir='ltr'><strong>Fuit</strong></span> <span class='ocrx_word' id='word_1_342' title='bbox 2018 2155 2214 2218; x_wconf 87' lang='lat' dir='ltr'><strong>quidem</strong></span> <span class='ocrx_word' id='word_1_343' title='bbox 2254 2156 2423 2200; x_wconf 81' lang='lat' dir='ltr'><strong>Romae</strong></span> <span class='ocrx_word' id='word_1_344' title='bbox 2464 2152 2600 2198; x_wconf 80' lang='lat' dir='ltr'><strong>lacus</strong></span> 
     </span>
     <span class='ocr_line' id='line_1_54' title="bbox 1584 2230 2599 2289; baseline -0.004 -10"><span class='ocrx_word' id='word_1_345' title='bbox 1584 2233 1797 2289; x_wconf 81' lang='lat' dir='ltr'><strong>Curtius,</strong></span> <span class='ocrx_word' id='word_1_346' title='bbox 1824 2234 1909 2280; x_wconf 89' lang='lat' dir='ltr'><strong>sed</strong></span> <span class='ocrx_word' id='word_1_347' title='bbox 1928 2234 1995 2280; x_wconf 87' lang='lat' dir='ltr'><strong>ita</strong></span> <span class='ocrx_word' id='word_1_348' title='bbox 2016 2233 2175 2282; x_wconf 74' lang='lat' dir='ltr'><strong>dietus</strong></span> <span class='ocrx_word' id='word_1_349' title='bbox 2190 2250 2217 2279; x_wconf 90' lang='lat' dir='ltr'><strong>a</strong></span> <span class='ocrx_word' id='word_1_350' title='bbox 2238 2234 2389 2278; x_wconf 81' lang='lat' dir='ltr'><strong>Metto</strong></span> <span class='ocrx_word' id='word_1_351' title='bbox 2407 2230 2599 2287; x_wconf 82' lang='lat' dir='ltr'><strong>Curtio,</strong></span> 
     </span>
     <span class='ocr_line' id='line_1_55' title="bbox 1582 2310 2598 2374; baseline 0 -17"><span class='ocrx_word' id='word_1_352' title='bbox 1582 2310 1643 2357; x_wconf 92' lang='lat' dir='ltr'><strong>de</strong></span> <span class='ocrx_word' id='word_1_353' title='bbox 1682 2327 1781 2374; x_wconf 90' lang='lat' dir='ltr'><strong>quo</strong></span> <span class='ocrx_word' id='word_1_354' title='bbox 1825 2312 1939 2359; x_wconf 83' lang='lat' dir='ltr'><strong>vide</strong></span> <span class='ocrx_word' id='word_1_355' title='bbox 1975 2315 2027 2369; x_wconf 91' lang='grc' dir='ltr'><strong>Ι,</strong></span> <span class='ocrx_word' id='word_1_356' title='bbox 2058 2314 2145 2370; x_wconf 81' lang='lat'><strong>133</strong></span> <span class='ocrx_word' id='word_1_357' title='bbox 2177 2310 2418 2359; x_wconf 81' lang='lat' dir='ltr'><strong>Plutarch.</strong></span> <span class='ocrx_word' id='word_1_358' title='bbox 2448 2311 2598 2357; x_wconf 78' lang='lat' dir='ltr'><strong>Rom.</strong></span> 
     </span>
     <span class='ocr_line' id='line_1_56' title="bbox 1579 2390 2601 2454; baseline -0.001 -18"><span class='ocrx_word' id='word_1_359' title='bbox 1579 2406 1690 2454; x_wconf 86' lang='lat' dir='ltr'><strong>pag.</strong></span> <span class='ocrx_word' id='word_1_360' title='bbox 1734 2392 1842 2449; x_wconf 25' lang='lat'><strong>283⁴</strong></span> <span class='ocrx_word' id='word_1_361' title='bbox 1878 2402 1927 2445; x_wconf 82' lang='lat' dir='ltr'><strong>et</strong></span> <span class='ocrx_word' id='word_1_362' title='bbox 1963 2391 2173 2453; x_wconf 74' lang='lat' dir='ltr'><strong>Dionys.</strong></span> <span class='ocrx_word' id='word_1_363' title='bbox 2212 2392 2291 2448; x_wconf 91' lang='lat'><strong>11,</strong></span> <span class='ocrx_word' id='word_1_364' title='bbox 2327 2397 2421 2446; x_wconf 78' lang='lat'><strong>423</strong></span> <span class='ocrx_word' id='word_1_365' title='bbox 2455 2390 2601 2436; x_wconf 85' lang='lat' dir='ltr'><strong>Varr.</strong></span> 
     </span>
     <span class='ocr_line' id='line_1_57' title="bbox 1579 2468 2601 2532; baseline 0 -18"><span class='ocrx_word' id='word_1_366' title='bbox 1579 2469 1718 2532; x_wconf 82' lang='lat' dir='ltr'><strong>Ling.</strong></span> <span class='ocrx_word' id='word_1_367' title='bbox 1745 2470 1828 2516; x_wconf 87' lang='lat' dir='ltr'><strong>lat.</strong></span> <span class='ocrx_word' id='word_1_368' title='bbox 1860 2471 1949 2527; x_wconf 89' lang='lat' dir='ltr'><strong>IV,</strong></span> <span class='ocrx_word' id='word_1_369' title='bbox 1995 2471 2053 2516; x_wconf 87' lang='lat'><strong>32</strong></span> <span class='ocrx_word' id='word_1_370' title='bbox 2091 2468 2268 2526; x_wconf 83' lang='lat' dir='ltr'><strong>tradit,</strong></span> <span class='ocrx_word' id='word_1_371' title='bbox 2294 2469 2449 2515; x_wconf 88' lang='lat' dir='ltr'><strong>lacum</strong></span> <span class='ocrx_word' id='word_1_372' title='bbox 2478 2468 2601 2515; x_wconf 87' lang='lat' dir='ltr'><strong>Cur-—</strong></span> 
     </span>
     <span class='ocr_line' id='line_1_58' title="bbox 1579 2548 2600 2611; baseline -0.002 -16"><span class='ocrx_word' id='word_1_373' title='bbox 1579 2549 1701 2595; x_wconf 89' lang='lat' dir='ltr'><strong>tium</strong></span> <span class='ocrx_word' id='word_1_374' title='bbox 1741 2564 1845 2595; x_wconf 90' lang='lat' dir='ltr'><strong>esse</strong></span> <span class='ocrx_word' id='word_1_375' title='bbox 1881 2548 2177 2611; x_wconf 81' lang='lat' dir='ltr'><strong>fulguratum</strong></span> <span class='ocrx_word' id='word_1_376' title='bbox 2210 2559 2256 2595; x_wconf 89' lang='lat' dir='ltr'><strong>et</strong></span> <span class='ocrx_word' id='word_1_377' title='bbox 2294 2564 2355 2594; x_wconf 83' lang='lat' dir='ltr'><strong>ex</strong></span> <span class='ocrx_word' id='word_1_378' title='bbox 2383 2558 2600 2594; x_wconf 88' lang='lat' dir='ltr'><strong>senatus-</strong></span> 
     </span>
     <span class='ocr_line' id='line_1_59' title="bbox 1578 2625 2604 2692; baseline 0 -18"><span class='ocrx_word' id='word_1_379' title='bbox 1578 2629 1805 2675; x_wconf 78' lang='lat' dir='ltr'><strong>consulto</strong></span> <span class='ocrx_word' id='word_1_380' title='bbox 1827 2638 2019 2692; x_wconf 88' lang='lat' dir='ltr'><strong>septum</strong></span> <span class='ocrx_word' id='word_1_381' title='bbox 2042 2642 2070 2673; x_wconf 87' lang='lat' dir='ltr'><strong>a</strong></span> <span class='ocrx_word' id='word_1_382' title='bbox 2098 2626 2265 2673; x_wconf 83' lang='lat' dir='ltr'><strong>Curtio</strong></span> <span class='ocrx_word' id='word_1_383' title='bbox 2289 2626 2510 2684; x_wconf 83' lang='lat' dir='ltr'><strong>consule3</strong></span> <span class='ocrx_word' id='word_1_384' title='bbox 2535 2625 2604 2674; x_wconf 85' lang='lat' dir='ltr'><strong>de</strong></span> 
     </span>
     <span class='ocr_line' id='line_1_60' title="bbox 1578 2705 2603 2769; baseline -0.003 -15"><span class='ocrx_word' id='word_1_385' title='bbox 1578 2723 1677 2769; x_wconf 88' lang='lat' dir='ltr'><strong>quo</strong></span> <span class='ocrx_word' id='word_1_386' title='bbox 1695 2723 1745 2753; x_wconf 87' lang='lat' dir='ltr'><strong>v.</strong></span> <span class='ocrx_word' id='word_1_387' title='bbox 1762 2708 1852 2767; x_wconf 84' lang='lat' dir='ltr'><strong>IV,</strong></span> <span class='ocrx_word' id='word_1_388' title='bbox 1873 2722 1916 2752; x_wconf 89' lang='lat'><strong>1.</strong></span> <span class='ocrx_word' id='word_1_389' title='bbox 1938 2706 2015 2753; x_wconf 87' lang='lat' dir='ltr'><strong>Cf.</strong></span> <span class='ocrx_word' id='word_1_390' title='bbox 2030 2705 2156 2752; x_wconf 88' lang='lat' dir='ltr'><strong>Plin.</strong></span> <span class='ocrx_word' id='word_1_391' title='bbox 2173 2707 2291 2764; x_wconf 79' lang='lat' dir='ltr'><strong>XV,</strong></span> <span class='ocrx_word' id='word_1_392' title='bbox 2313 2707 2399 2765; x_wconf 79' lang='lat'><strong>183</strong></span> <span class='ocrx_word' id='word_1_393' title='bbox 2420 2706 2603 2751; x_wconf 78' lang='lat' dir='ltr'><strong>Zonar-</strong></span> 
     </span>
     <span class='ocr_line' id='line_1_61' title="bbox 1576 2769 2602 2847; baseline 0.001 -16"><span class='ocrx_word' id='word_1_394' title='bbox 1576 2787 1704 2845; x_wconf 89' lang='lat' dir='ltr'>v11,</span> <span class='ocrx_word' id='word_1_395' title='bbox 1743 2785 1838 2843; x_wconf 83' lang='lat'><strong>25;</strong></span> <span class='ocrx_word' id='word_1_396' title='bbox 1874 2769 2015 2832; x_wconf 79' lang='lat' dir='ltr'><strong>Oro&#39;s.</strong></span> <span class='ocrx_word' id='word_1_397' title='bbox 2047 2786 2149 2843; x_wconf 90' lang='lat'>111,</span> <span class='ocrx_word' id='word_1_398' title='bbox 2182 2785 2238 2842; x_wconf 76' lang='lat'><strong>53</strong></span> <span class='ocrx_word' id='word_1_399' title='bbox 2259 2784 2602 2847; x_wconf 51' lang='lat' dir='ltr'><strong>Angustia&amp;</strong></span> 
     </span>
     <span class='ocr_line' id='line_1_62' title="bbox 1577 2862 2599 2923; baseline 0 -14"><span class='ocrx_word' id='word_1_400' title='bbox 1577 2864 1712 2912; x_wconf 82' lang='lat' dir='ltr'><strong>civit.</strong></span> <span class='ocrx_word' id='word_1_401' title='bbox 1734 2864 1840 2923; x_wconf 88' lang='lat' dir='ltr'><strong>dei,</strong></span> <span class='ocrx_word' id='word_1_402' title='bbox 1855 2864 1921 2920; x_wconf 82' lang='lat' dir='ltr'><strong>V,</strong></span> <span class='ocrx_word' id='word_1_403' title='bbox 1946 2863 2034 2917; x_wconf 81' lang='lat'><strong>18;</strong></span> <span class='ocrx_word' id='word_1_404' title='bbox 2055 2862 2201 2910; x_wconf 82' lang='lat' dir='ltr'><strong>ovid.</strong></span> <span class='ocrx_word' id='word_1_405' title='bbox 2218 2865 2445 2921; x_wconf 76' lang='lat' dir='ltr'><strong>Fast.V1‚</strong></span> <span class='ocrx_word' id='word_1_406' title='bbox 2473 2864 2599 2923; x_wconf 77' lang='lat'><strong>4033</strong></span> 
     </span>
     <span class='ocr_line' id='line_1_63' title="bbox 1578 2938 2603 3009; baseline 0 -22"><span class='ocrx_word' id='word_1_407' title='bbox 1578 2942 1714 2988; x_wconf 88' lang='lat' dir='ltr'><strong>Suid.</strong></span> <span class='ocrx_word' id='word_1_408' title='bbox 1734 2958 1844 2989; x_wconf 86' lang='lat' dir='ltr'><strong>voc.</strong></span> <span class='ocrx_word' id='word_1_409' title='bbox 1860 2938 2108 3009; x_wconf 65' lang='lat' dir='ltr'><strong>Aissspvoc,</strong></span> <span class='ocrx_word' id='word_1_410' title='bbox 2130 2946 2256 2989; x_wconf 89' lang='lat' dir='ltr'><strong>Fest.</strong></span> <span class='ocrx_word' id='word_1_411' title='bbox 2275 2957 2386 2988; x_wconf 87' lang='lat' dir='ltr'><strong>voc.</strong></span> <span class='ocrx_word' id='word_1_412' title='bbox 2410 2941 2603 2988; x_wconf 77' lang='lat' dir='ltr'><strong>Curtius</strong></span> 
     </span>
     <span class='ocr_line' id='line_1_64' title="bbox 1580 3018 2601 3079; baseline -0.001 -13"><span class='ocrx_word' id='word_1_413' title='bbox 1580 3020 1739 3076; x_wconf 60' lang='lat' dir='ltr'><strong>lacus,</strong></span> <span class='ocrx_word' id='word_1_414' title='bbox 1774 3019 1938 3069; x_wconf 82' lang='lat' dir='ltr'><strong>Barth.</strong></span> <span class='ocrx_word' id='word_1_415' title='bbox 1963 3020 2027 3067; x_wconf 90' lang='lat' dir='ltr'><strong>ad</strong></span> <span class='ocrx_word' id='word_1_416' title='bbox 2056 3021 2174 3067; x_wconf 82' lang='lat' dir='ltr'><strong>Stat.</strong></span> <span class='ocrx_word' id='word_1_417' title='bbox 2204 3018 2320 3066; x_wconf 80' lang='lat' dir='ltr'><strong>Silv.</strong></span> <span class='ocrx_word' id='word_1_418' title='bbox 2343 3021 2399 3076; x_wconf 92' lang='lat'><strong>1,</strong></span> <span class='ocrx_word' id='word_1_419' title='bbox 2434 3034 2478 3077; x_wconf 88' lang='lat'><strong>1,</strong></span> <span class='ocrx_word' id='word_1_420' title='bbox 2505 3019 2601 3079; x_wconf 77' lang='lat'><strong>663</strong></span> 
     </span>
     <span class='ocr_line' id='line_1_65' title="bbox 1578 3096 2602 3161; baseline 0.001 -17"><span class='ocrx_word' id='word_1_421' title='bbox 1578 3097 1753 3160; x_wconf 85' lang='lat' dir='ltr'><strong>Scalig.</strong></span> <span class='ocrx_word' id='word_1_422' title='bbox 1780 3097 1843 3144; x_wconf 91' lang='lat' dir='ltr'><strong>ad</strong></span> <span class='ocrx_word' id='word_1_423' title='bbox 1867 3100 2012 3144; x_wconf 81' lang='lat' dir='ltr'><strong>Varr.</strong></span> <span class='ocrx_word' id='word_1_424' title='bbox 2038 3098 2071 3144; x_wconf 89' lang='lat'><strong>1.</strong></span> <span class='ocrx_word' id='word_1_425' title='bbox 2092 3098 2125 3144; x_wconf 80' lang='lat' dir='ltr'><strong>l.</strong></span> <span class='ocrx_word' id='word_1_426' title='bbox 2147 3098 2277 3161; x_wconf 87' lang='lat' dir='ltr'><strong>inpr.</strong></span> <span class='ocrx_word' id='word_1_427' title='bbox 2303 3096 2441 3160; x_wconf 85' lang='lat' dir='ltr'><strong>Pigh.</strong></span> <span class='ocrx_word' id='word_1_428' title='bbox 2463 3099 2602 3147; x_wconf 78' lang='lat' dir='ltr'><strong>Ann.</strong></span> 
     </span>
     <span class='ocr_line' id='line_1_66' title="bbox 1577 3175 2604 3240; baseline 0.003 -19"><span class='ocrx_word' id='word_1_429' title='bbox 1577 3175 1640 3222; x_wconf 83' lang='lat' dir='ltr'><strong>ad</strong></span> <span class='ocrx_word' id='word_1_430' title='bbox 1670 3192 1782 3222; x_wconf 87' lang='lat' dir='ltr'><strong>ann.</strong></span> <span class='ocrx_word' id='word_1_431' title='bbox 1817 3177 1910 3236; x_wconf 86' lang='lat'><strong>391</strong></span> <span class='ocrx_word' id='word_1_432' title='bbox 1928 3210 1942 3233; x_wconf 92' lang='lat'><strong>,</strong></span> <span class='ocrx_word' id='word_1_433' title='bbox 1976 3187 2025 3222; x_wconf 92' lang='lat' dir='ltr'><strong>et</strong></span> <span class='ocrx_word' id='word_1_434' title='bbox 2052 3176 2269 3239; x_wconf 86' lang='lat' dir='ltr'><strong>Bagnolo</strong></span> <span class='ocrx_word' id='word_1_435' title='bbox 2298 3175 2423 3223; x_wconf 87' lang='lat' dir='ltr'><strong>della</strong></span> <span class='ocrx_word' id='word_1_436' title='bbox 2455 3187 2604 3240; x_wconf 81' lang='lat' dir='ltr'><strong>gente</strong></span> 
     </span>
     <span class='ocr_line' id='line_1_67' title="bbox 1575 3253 2602 3316; baseline 0.002 -15"><span class='ocrx_word' id='word_1_437' title='bbox 1575 3253 1766 3301; x_wconf 70' lang='lat' dir='ltr'><strong>Cui-zia.</strong></span> <span class='ocrx_word' id='word_1_438' title='bbox 1811 3275 1836 3294; x_wconf 72' lang='grc' dir='ltr'><strong>«ε</strong></span> <span class='ocrx_word' id='word_1_439' title='bbox 1862 3253 2102 3300; x_wconf 83' lang='lat' dir='ltr'><strong>Fabulosa</strong></span> <span class='ocrx_word' id='word_1_440' title='bbox 2144 3253 2340 3316; x_wconf 89' lang='lat' dir='ltr'><strong>quidem</strong></span> <span class='ocrx_word' id='word_1_441' title='bbox 2379 3254 2485 3301; x_wconf 83' lang='lat' dir='ltr'><strong>haec·</strong></span> <span class='ocrx_word' id='word_1_442' title='bbox 2536 3256 2602 3303; x_wconf 86' lang='lat' dir='ltr'><strong>de</strong></span> 
     </span>
     <span class='ocr_line' id='line_1_68' title="bbox 1574 3331 2599 3394; baseline 0.002 -15"><span class='ocrx_word' id='word_1_443' title='bbox 1574 3332 1770 3391; x_wconf 87' lang='lat' dir='ltr'><strong>Curtio,</strong></span> <span class='ocrx_word' id='word_1_444' title='bbox 1791 3331 1944 3394; x_wconf 90' lang='lat' dir='ltr'><strong>quiin</strong></span> <span class='ocrx_word' id='word_1_445' title='bbox 1961 3332 2268 3394; x_wconf 85' lang='lat' dir='ltr'><strong>voraginem,</strong></span> <span class='ocrx_word' id='word_1_446' title='bbox 2295 3343 2422 3379; x_wconf 87' lang='lat' dir='ltr'><strong>tetro</strong></span> <span class='ocrx_word' id='word_1_447' title='bbox 2443 3332 2599 3382; x_wconf 88' lang='lat' dir='ltr'><strong>halitu</strong></span> 
     </span>
     <span class='ocr_line' id='line_1_69' title="bbox 1572 3410 2598 3468; baseline 0.003 -11"><span class='ocrx_word' id='word_1_448' title='bbox 1572 3411 1758 3458; x_wconf 85' lang='lat' dir='ltr'>Urbem</span> <span class='ocrx_word' id='word_1_449' title='bbox 1786 3410 2121 3468; x_wconf 85' lang='lat' dir='ltr'><strong>infestantem,</strong></span> <span class='ocrx_word' id='word_1_450' title='bbox 2151 3426 2201 3456; x_wconf 91' lang='lat' dir='ltr'><strong>se</strong></span> <span class='ocrx_word' id='word_1_451' title='bbox 2227 3411 2481 3458; x_wconf 86' lang='lat' dir='ltr'><strong>immisisse</strong></span> <span class='ocrx_word' id='word_1_452' title='bbox 2503 3412 2598 3460; x_wconf 83' lang='lat' dir='ltr'>fer-</span> 
     </span>
     <span class='ocr_line' id='line_1_70' title="bbox 1573 3489 2602 3553; baseline 0.001 -17"><span class='ocrx_word' id='word_1_453' title='bbox 1573 3500 1677 3550; x_wconf 85' lang='lat' dir='ltr'><strong>tur,</strong></span> <span class='ocrx_word' id='word_1_454' title='bbox 1710 3489 1922 3537; x_wconf 84' lang='lat' dir='ltr'><strong>narratio</strong></span> <span class='ocrx_word' id='word_1_455' title='bbox 1946 3503 1958 3536; x_wconf 91' lang='lat'>:</span> <span class='ocrx_word' id='word_1_456' title='bbox 1997 3505 2059 3535; x_wconf 84' lang='lat' dir='ltr'><strong>ex</strong></span> <span class='ocrx_word' id='word_1_457' title='bbox 2094 3504 2149 3535; x_wconf 87' lang='lat' dir='ltr'><strong>ea</strong></span> <span class='ocrx_word' id='word_1_458' title='bbox 2184 3500 2343 3537; x_wconf 90' lang='lat' dir='ltr'><strong>tamen</strong></span> <span class='ocrx_word' id='word_1_459' title='bbox 2369 3490 2602 3553; x_wconf 83' lang='lat' dir='ltr'><strong>intelligi-</strong></span> 
     </span>
     <span class='ocr_line' id='line_1_71' title="bbox 1571 3567 2602 3633; baseline 0.003 -18"><span class='ocrx_word' id='word_1_460' title='bbox 1571 3580 1668 3627; x_wconf 84' lang='lat' dir='ltr'><strong>tur,</strong></span> <span class='ocrx_word' id='word_1_461' title='bbox 1694 3570 1746 3615; x_wconf 91' lang='lat' dir='ltr'><strong>in</strong></span> <span class='ocrx_word' id='word_1_462' title='bbox 1774 3568 1932 3615; x_wconf 85' lang='lat' dir='ltr'><strong>media</strong></span> <span class='ocrx_word' id='word_1_463' title='bbox 1957 3567 2077 3614; x_wconf 83' lang='lat' dir='ltr'><strong>urhe</strong></span> <span class='ocrx_word' id='word_1_464' title='bbox 2103 3567 2359 3632; x_wconf 88' lang='lat' dir='ltr'><strong>mephitim</strong></span> <span class='ocrx_word' id='word_1_465' title='bbox 2395 3585 2478 3615; x_wconf 89' lang='lat' dir='ltr'><strong>seu</strong></span> <span class='ocrx_word' id='word_1_466' title='bbox 2505 3587 2602 3633; x_wconf 88' lang='lat' dir='ltr'><strong>pu-</strong></span> 
     </span>
     <span class='ocr_line' id='line_1_72' title="bbox 1570 3648 2601 3713; baseline 0.002 -19"><span class='ocrx_word' id='word_1_467' title='bbox 1570 3659 1727 3695; x_wconf 88' lang='lat' dir='ltr'><strong>torem</strong></span> <span class='ocrx_word' id='word_1_468' title='bbox 1741 3648 2005 3695; x_wconf 85' lang='lat' dir='ltr'><strong>sulfureum</strong></span> <span class='ocrx_word' id='word_1_469' title='bbox 2020 3662 2047 3692; x_wconf 91' lang='lat' dir='ltr'><strong>a</strong></span> <span class='ocrx_word' id='word_1_470' title='bbox 2061 3658 2185 3694; x_wconf 82' lang='lat' dir='ltr'><strong>terra</strong></span> <span class='ocrx_word' id='word_1_471' title='bbox 2199 3660 2601 3713; x_wconf 84' lang='lat' dir='ltr'><strong>prorumpentem</strong></span> 
     </span>
     <span class='ocr_line' id='line_1_73' title="bbox 1570 3724 2601 3790; baseline 0 -16"><span class='ocrx_word' id='word_1_472' title='bbox 1570 3727 1730 3774; x_wconf 78' lang='lat' dir='ltr'><strong>vicina</strong></span> <span class='ocrx_word' id='word_1_473' title='bbox 1755 3728 1863 3774; x_wconf 82' lang='lat' dir='ltr'><strong>loca</strong></span> <span class='ocrx_word' id='word_1_474' title='bbox 1886 3725 2137 3790; x_wconf 83' lang='lat' dir='ltr'><strong>pestilenti</strong></span> <span class='ocrx_word' id='word_1_475' title='bbox 2161 3724 2326 3774; x_wconf 82' lang='lat' dir='ltr'><strong>afflatu</strong></span> <span class='ocrx_word' id='word_1_476' title='bbox 2347 3726 2601 3783; x_wconf 71' lang='lat' dir='ltr'><strong>infecisse,</strong></span> 
     </span>
     <span class='ocr_line' id='line_1_74' title="bbox 1571 3803 2603 3854; baseline 0.003 -3"><span class='ocrx_word' id='word_1_477' title='bbox 1571 3805 1729 3853; x_wconf 89' lang='lat' dir='ltr'><strong>donee</strong></span> <span class='ocrx_word' id='word_1_478' title='bbox 1759 3806 1851 3852; x_wconf 85' lang='lat' dir='ltr'><strong>alia</strong></span> <span class='ocrx_word' id='word_1_479' title='bbox 1880 3804 1976 3850; x_wconf 87' lang='lat' dir='ltr'><strong>soli</strong></span> <span class='ocrx_word' id='word_1_480' title='bbox 2003 3803 2209 3851; x_wconf 86' lang='lat' dir='ltr'><strong>mutatio</strong></span> <span class='ocrx_word' id='word_1_481' title='bbox 2242 3820 2414 3851; x_wconf 89' lang='lat' dir='ltr'><strong>venam</strong></span> <span class='ocrx_word' id='word_1_482' title='bbox 2441 3808 2603 3854; x_wconf 76' lang='lat' dir='ltr'><strong>occul.</strong></span> 
     </span>
     <span class='ocr_line' id='line_1_75' title="bbox 1569 3882 2603 3949; baseline 0.001 -17"><span class='ocrx_word' id='word_1_483' title='bbox 1569 3896 1668 3932; x_wconf 84' lang='lat' dir='ltr'><strong>tam</strong></span> <span class='ocrx_word' id='word_1_484' title='bbox 1704 3884 1989 3949; x_wconf 68' lang='lat' dir='ltr'><strong>spiramenti</strong></span> <span class='ocrx_word' id='word_1_485' title='bbox 2026 3882 2308 3931; x_wconf 78' lang='lat' dir='ltr'><strong>occludet-et</strong></span> <span class='ocrx_word' id='word_1_486' title='bbox 2338 3901 2423 3931; x_wconf 89' lang='lat' dir='ltr'><strong>seu</strong></span> <span class='ocrx_word' id='word_1_487' title='bbox 2452 3886 2603 3933; x_wconf 85' lang='lat' dir='ltr'><strong>elide-—</strong></span> 
     </span>
     <span class='ocr_line' id='line_1_76' title="bbox 1569 3963 2600 4030; baseline 0 -19"><span class='ocrx_word' id='word_1_488' title='bbox 1569 3977 1644 4012; x_wconf 87' lang='lat' dir='ltr'><strong>ret</strong></span> <span class='ocrx_word' id='word_1_489' title='bbox 1672 3983 1731 4026; x_wconf 74' lang='lat'><strong>»3</strong></span> <span class='ocrx_word' id='word_1_490' title='bbox 1771 3967 1934 4030; x_wconf 81' lang='lat' dir='ltr'><strong>Heyn.</strong></span> <span class='ocrx_word' id='word_1_491' title='bbox 1963 3965 2148 4027; x_wconf 88' lang='lat' dir='ltr'><strong>Opusc.</strong></span> <span class='ocrx_word' id='word_1_492' title='bbox 2175 3963 2389 4010; x_wconf 86' lang='lat' dir='ltr'><strong>academ.</strong></span> <span class='ocrx_word' id='word_1_493' title='bbox 2424 3976 2460 4013; x_wconf 91' lang='lat' dir='ltr'><strong>t.</strong></span> <span class='ocrx_word' id='word_1_494' title='bbox 2497 3967 2600 4020; x_wconf 89' lang='lat'>111,</span> 
     </span>
     <span class='ocr_line' id='line_1_77' title="bbox 1569 4041 2600 4108; baseline -0.003 -16"><span class='ocrx_word' id='word_1_495' title='bbox 1569 4061 1620 4108; x_wconf 90' lang='lat' dir='ltr'><strong>p.</strong></span> <span class='ocrx_word' id='word_1_496' title='bbox 1642 4061 1662 4090; x_wconf 93' lang='lat'>1</span> <span class='ocrx_word' id='word_1_497' title='bbox 1678 4046 1759 4091; x_wconf 81' lang='lat'><strong>18.</strong></span> <span class='ocrx_word' id='word_1_498' title='bbox 1784 4045 1860 4092; x_wconf 86' lang='lat' dir='ltr'><strong>Cf.</strong></span> <span class='ocrx_word' id='word_1_499' title='bbox 1883 4045 2050 4105; x_wconf 86' lang='lat' dir='ltr'><strong>Steger</strong></span> <span class='ocrx_word' id='word_1_500' title='bbox 2072 4041 2132 4088; x_wconf 86' lang='lat' dir='ltr'><strong>de</strong></span> <span class='ocrx_word' id='word_1_501' title='bbox 2154 4042 2350 4106; x_wconf 82' lang='lat' dir='ltr'><strong>prodig.</strong></span> <span class='ocrx_word' id='word_1_502' title='bbox 2370 4060 2420 4107; x_wconf 91' lang='lat' dir='ltr'><strong>p.</strong></span> <span class='ocrx_word' id='word_1_503' title='bbox 2441 4043 2508 4090; x_wconf 81' lang='lat'><strong>68</strong></span> <span class='ocrx_word' id='word_1_504' title='bbox 2524 4060 2600 4107; x_wconf 84' lang='lat' dir='ltr'><strong>sq.</strong></span> 
     </span>
    </p>

    <p class='ocr_par' dir='ltr' id='par_1_9' title="bbox 1640 4121 2601 4186">
     <span class='ocr_line' id='line_1_78' title="bbox 1640 4121 2601 4186; baseline -0.001 -17"><span class='ocrx_word' id='word_1_505' title='bbox 1640 4139 1687 4169; x_wconf 66' lang='grc' dir='ltr'><strong>α.</strong></span> <span class='ocrx_word' id='word_1_506' title='bbox 1723 4124 1827 4184; x_wconf 86' lang='lat' dir='ltr'><strong>Quo</strong></span> <span class='ocrx_word' id='word_1_507' title='bbox 1854 4121 2117 4185; x_wconf 83' lang='lat' dir='ltr'><strong>plurimum</strong></span> <span class='ocrx_word' id='word_1_508' title='bbox 2136 4122 2348 4186; x_wconf 82' lang='lat' dir='ltr'><strong>populus</strong></span> <span class='ocrx_word' id='word_1_509' title='bbox 2365 4137 2601 4168; x_wconf 74' lang='lat' dir='ltr'><strong>romanus</strong></span> 
     </span>
    </p>
   </div>
  </div>
 </body>
</html>
