3000 4717
459 414 701 528 &1323
864 435 1178 503 LIBER
1227 437 1310 503 v.
1367 434 1583 503 cAP.
1639 435 1804 501 xx.
1857 436 2066 503 xxl.
2394 433 2528 505 163

405 555 838 628 seditionum
875 556 1045 627 inde
1072 583 1161 627 ac
1192 557 1426 654 legum
1457 580 1837 643 novarum,
1858 556 2356 653 praebituram.
2404 563 2533 630 Sa·

408 672 552 738 tias
595 673 812 766 igitur
850 692 998 738 esse
1016 723 1036 753 ,
1080 666 1531 737 reconciliari
1568 691 1653 736 eo
1695 665 1890 736 dono
1924 667 2165 763 plebis
2207 672 2486 738 animos
2509 696 2532 738 .-

410 780 781 851 exhaustis
820 795 1039 878 atque
1068 783 1492 863 exinanitis,
1534 777 1797 847 tributo
1837 786 1939 846 tot
1975 800 2337 849 annorum
2368 804 2531 850 sue-

409 897 606 961 curri
621 919 642 961 .·
683 905 759 961 et
796 897 1048 962 sentire
1072 889 1362 987 prcedoe
1379 892 1713 983 fructum
1745 913 1840 958 ea:
1877 913 1960 958 eo
1998 887 2225 974 bello,
2267 894 2340 959 in
2383 912 2531 983 quo

399 1026 637 1098 prope
677 1005 1212 1073 consenuerint:
1246 1005 1518 1096 gratius
1563 997 1643 1066 id
1658 999 1840 1085 fore
1874 996 2250 1095 laetiusque
2270 1050 2292 1082 ,
2335 996 2538 1094 quod

410 1121 716 1211 quisque
740 1139 870 1183 sua
907 1137 1130 1181 manu
1166 1122 1264 1181 ex
1292 1111 1495 1180 hoste
1527 1125 1808 1204 captum
1843 1108 2143 1178 domum
2176 1108 2526 1192 retulerit,

410 1248 635 1318 quam
674 1230 737 1294 si
781 1222 1164 1321 multiplex
1216 1221 1512 1293 alterius
1567 1219 1864 1289 arbitrio
1910 1222 2265 1315 accipiat:
2303 1224 2538 1314 ipsum

412 1333 835 1405 dictatorem
843 1335 1111 1430 fiagere
1139 1331 1487 1402 invidiam
1520 1355 1615 1399 ex
1647 1353 1732 1398 eo
1772 1333 2267 1425 criminaque.-
2302 1352 2389 1399 eo
2426 1330 2541 1400 de·

412 1444 692 1540 legasse
713 1443 819 1515 ad
834 1456 1210 1515 senatum.-
1242 1456 1568 1512 senatum
1596 1463 1888 1536 quoque
1921 1438 2180 1508 debere
2206 1440 2545 1534 rejectam

409 1581 560 1625 rem
610 1555 719 1625 ad
770 1580 847 1625 se
885 1560 1304 1650 permittere
1334 1550 1575 1648 plebi,
1626 1574 1715 1620 ac
1757 1554 1924 1647 pati
1986 1549 2289 1636 habere,
2342 1550 2549 1648 quod

412 1668 848 1761 cniqwefo‘rs
875 1662 1048 1733 belli
1070 1661 1366 1732 dederit.
1392 1667 1559 1731 I-Iaec
1582 1662 1810 1730 tutio?
1835 1661 1985 1731 visa·
2010 1662 2371 1731 sententia
2397 1675 2543 1751 est,

324 1783 329 1790 ’
412 1799 574 1871 quae
612 1775 1042 1872 popularem
1071 1786 1398 1844 senatum
1428 1771 1713 1842 faceret.
1748 1770 2083 1842 Edictum
2119 1773 2364 1869 itaque
2401 1786 2544 1861 est,

411 1884 504 1955 ad
544 1885 860 1981 praedam
891 1885 1292 1971 veientem,
1333 1881 1601 1979 quibus
1637 1880 2029 1971 videretur,
2065 1883 2139 1951 in
2182 1897 2421 1952 castra*
2452 1880 2547 1952 ad

413 1992 840 2063 dictatorem
876 1990 1528 2089 proficiscerentur.

507 2086 698 2171 XXI.
724 2105 993 2199 Ingens
1010 2100 1330 2199 profecta
1352 2099 1744 2171 multitudo
1763 2100 2069 2197 replevit
2093 2116 2339 2173 castra.
2360 2107 2547 2173 Tum

412 2210 750 2299 dictator,
783 2213 1151 2309 auspicato
1173 2235 1500 2309 egressus
1521 2221 1574 2300 ¹,
1594 2235 1823 2306 quum
1846 2210 2212 2300 edixisset,
2239 2227 2322 2282 ut
2350 2237 2547 2283 arma

413 2322 672 2393 milites
692 2336 1064 2420 caperent,
1094 2352 1127 2385 «
1146 2326 1303 2393 Tuo
1327 2321 1592 2409 ductu,
1625 2323 1863 2418 inquit
1881 2375 1900 2406 ‚
1937 2322 2224 2418 pythice
2256 2323 2547 2420 Apollo,

414 2460 450 2497 ‹<
488 2447 767 2530 tuoque
796 2434 1100 2504 numine
1134 2434 1520 2504 instinctus
1548 2441 1603 2519 ²,
1635 2454 1861 2529 pergo
1896 2432 1986 2503 ad
2016 2433 2394 2504 delendam
2434 2459 2551 2504 ur·

401 2552 450 2607 ⁴«
487 2540 655 2612 bem
691 2544 909 2613 Veios
949 2570 963 2610 :
1004 2542 1283 2639 tibique
1329 2543 1500 2612 hinc
1546 2540 1924 2612 decumam
1969 2557 2257 2641 partem
2284 2544 2546 2641 proedae

420 2679 455 2715 «
492 2675 750 2722 voveo.
777 2656 875 2722 Te
897 2650 1144 2737 simul,
1163 2657 1202 2721 J
1203 2676 1358 2721 uno
1368 2653 1620 2747 regina
1642 2648 1698 2738 3,
1715 2677 1877 2748 quae
1897 2679 2095 2724 nunc
2109 2655 2326 2725 Veios
2344 2656 2549 2745 .coli3‚

418 2791 453 2826 «
495 2784 787 2858 precor,
827 2774 911 2831 ut
949 2785 1087 2831 nos
1119 2762 1430 2832 victores
1471 2762 1549 2830 in
1592 2772 1911 2832 nosti-am
1933 2816 1953 2849 ‚
1993 2778 2341 2860 tuamque
2379 2789 2553 2835 mox

417 2897 453 2934 α
494 2867 849 2958 futuram,
890 2867 1152 2940 urbem
1190 2893 1540 2965 sequare:
1587 2868 1715 2939 u'bi
1762 2885 1833 2940 te
1880 2869 2182 2967 dignum
2221 2874 2553 2970 amplitu»

420 3008 454 3044 «
497 2979 666 3051 dine
719 2995 842 3051 tua
897 2980 1251 3078 templum
1292 2980 1618 3078 accipiat.
1648 3009 1682 3044 >2
1718 2985 1883 3050 Haec
1925 2996 2295 3077 precatuS,
2343 3006 2554 3079 supe-

421 3104 625 3161 rante
661 3091 1163 3181 multitudine,
1195 3089 1287 3161 ab
1323 3088 1665 3160 omnibus
1702 3091 1878 3161 locis
1921 3090 2183 3162 urbem
2220 3091 2555 3190 aggredi·

422 3196 566 3288 tur,
590 3226 738 3297 quo
766 3205 1007 3325 ui'inot'·
1035 3201 1126 3274 ab
1164 3201 1505 3274 cuniculo
1539 3201 1943 3298 ingruentis
1970 3202 2274 3298 periculi
2302 3228 2552 3276 sensus

424 3396 526 3453 111,
565 3409 627 3456 19
641 3429 657 3454 ‚
696 3410 747 3444 ιι.
775 3396 861 3461 7·)‚
901 3397 994 3455 ad,
1039 3399 1173 3463 apud
1186 3433 1201 3457 ,
1231 3399 1441 3463 plebem.
1531 3414 1640 3446 cum
1671 3398 1997 3464 signatoribus
2022 3399 2257 3465 auspex).
2298 3401 2379 3449 Sic
2413 3400 2559 3469 etiaip

422 3474 609 3523 Consen-
632 3475 696 3521 ad
718 3477 799 3533 ΙΙ,
825 3486 886 3523 10
903 3510 917 3533 ,
942 3492 993 3523 n.
1024 3492 1120 3524 10.-
1531 3489 1805 3542 augurato,
1830 3479 1892 3526 de
1911 3495 2010 3542 quo
2031 3479 2145 3528 vide
2162 3480 2226 3527 ad
2246 3483 2298 3539 Ι,
2324 3482 2384 3526 18
2403 3513 2417 3537 ,
2438 3497 2486 3525 ιι.
2507 3479 2558 3525 6.
2575 3494 2589 3513 ·

495 3554 618 3603 Cu.
650 3555 795 3600 XXI.
837 3569 881 3601 1.
923 3555 1189 3617 Auspicqto
1231 3570 1443 3620 egressus
1532 3557 1663 3605 Hinc
1682 3568 1731 3606 et
1750 3558 2005 3621 auspicato
2023 3545 2165 3616 x'Ll,
2190 3559 2277 3615 18,
2302 3574 2353 3603 n.
2377 3564 2434 3614 4,
2460 3566 2556 3621 pro

425 3634 617 3691 castris,
636 3632 735 3680 hoc
749 3643 847 3691 est,
867 3633 1097 3697 auspiciis
1109 3645 1249 3682 antea
1263 3635 1443 3700 captis,
1461 3623 1467 3630 ⁶
1487 3634 1494 3641 '
1532 3636 1624 3684 rite
1640 3669 1655 3694 ,
1678 3637 1886 3685 feliciter
1900 3671 1915 3695 ,
1943 3637 2103 3685 fausto
2130 3637 2309 3685 omine.

425 3722 562 3760 more
582 3714 918 3760 Romanorum
945 3713 1000 3760 in
1027 3713 1165 3760 omni
1194 3729 1246 3761 re
1268 3725 1317 3762 et
1339 3730 1444 3762 mo·
1606 3731 1653 3762 2.
1688 3716 1788 3762 Tuo
1811 3714 2006 3761 numine
2032 3714 2282 3760 instinctus
2297 3747 2314 3770 ,
2346 3713 2463 3760 vide
2496 3714 2561 3762 ad

423 3791 593 3840 limine
607 3791 835 3855 graviori.
856 3792 1102 3850 Conferl,
1124 3791 1212 3850 363
1228 3793 1300 3839 VI
1315 3825 1330 3850 ,
1350 3801 1444 3852 413
1533 3809 1641 3857 cap.
1674 3793 1735 3840 15
1757 3827 1771 3851 ,
1796 3809 1846 3839 ιι.
1870 3781 1928 3850 63
1951 3801 2007 3839 et·
2022 3792 2193 3839 confer
2210 3808 2318 3856 cap.
2353 3794 2562 3843 1‘6'extr.

427 3872 583 3930 XXI,
622 3872 716 3930 633
744 3882 792 3919 et
811 3871 874 3918 ad
897 3873 1039 3918 xL11
1054 3905 1069 3929 ,
1093 3886 1181 3929 12,
1204 3882 1254 3917 ιι.
1279 3886 1337 3928 ²3
1358 3871 1446 3919 ubi
1613 3873 1659 3919 3.
1686 3874 1815 3917 Iuno
1845 3870 2015 3935 regina
2031 3905 2048 3927 ,
2089 3871 2259 3917 confer
2281 3873 2395 3920 Ind.
2429 3876 2558 3922 Evo-

424 3949 483 3999 in
497 3950 685 4015 nuptiis
704 3962 902 4014 quoque·
913 3950 1127 4015 auspicia
1143 3949 1348 4012 legimus
1366 3949 1452 3996 ad·
1541 3950 1749 3998 cationis
1773 3959 2012 4012 concepta
2048 3950 2194 3997 verba
2225 3950 2289 3997 ad
2311 3953 2565 4017 Carthagi-

427 4028 609 4089 hibita3
648 4044 762 4093 quae*
796 4031 1142 4077 auctoritatem·
1161 4028 1223 4075 iis
1263 4027 1452 4076 dedisse
1541 4027 1957 4076 nem'Maerobius
1975 4044 2036 4076 ex
2054 4031 2362 4079 Sammonico
2383 4034 2565 4080 Sereno

430 4120 604 4157 notum
621 4121 695 4157 est
723 4108 872 4175 (vide
890 4108 954 4155 ad
965 4108 1123 4156 Tacit.
1141 4107 1324 4155 A‘nnal.
1350 4108 1452 4166 XI,
1542 4108 1715 4166 refert,
1735 4107 1822 4154 lib.
1848 4109 1949 4165 III,
1970 4109 2160 4156 Saturn.
2187 4126 2296 4174 cap.
2320 4122 2369 4171 9.
2391 4113 2564 4163 Ena-r

430 4201 518 4246 27,
537 4204 587 4235 ιι.
614 4190 674 4249 33
698 4188 996 4237 et=JuvemL
1023 4189 1105 4245 X,
1134 4186 1260 4247 336,
1288 4185 1456 4236 veniet
1542 4186 1801 4253 Accipiat,
1832 4186 1946 4235 vide
1971 4187 2036 4235 ad
2057 4190 2107 4248 I,
2129 4189 2227 4249 60,
2253 4205 2306 4237 ιι.
2338 4204 2381 4236 1.

2042 4297 2158 4343 11.
