3000 4717
407 381 453 417 Δ.
481 378 528 418 C.
558 379 650 418 361.

407 442 462 480 U.
480 441 529 480 C.
558 445 650 495 391.

964 405 1262 472 LIBER
1312 364 1483 472 vll.
1538 405 1748 473 CAP.
1802 398 1939 470 η’

2331 402 2473 501 339

355 516 596 594 εοΙυὶο
624 524 792 618 joco
827 548 943 596 res
977 525 1446 613 avocabatur,
1470 539 1542 598 et
1574 524 1789 595 ludus
1821 524 1897 592 in
1934 535 2161 593 artem
2195 526 2472 622 paulla-

354 636 483 704 tim
512 649 823 704 verterat
842 648 920 722 ¹⁰3
936 635 1273 728 juventus
1295 690 1314 723 ‚
1351 632 1822 706 histrionibus
1848 629 2272 702 fabellarum
2308 649 2476 707 actu

351 744 607 814 relicto
627 798 646 832 ‚
685 746 836 842 ipsa
884 746 1075 817 inter
1133 771 1208 818 se
1256 771 1457 817 more
1499 746 1799 841 antiquo
1852 742 2151 814 ridicula
2203 746 2473 818 intexta

350 851 678 925 versibus
708 856 1030 950 jactitare
1068 857 1285 953 coepit
1306 883 1333 942 ιε
1372 881 1533 953 quae
1567 854 1735 926 inde
1774 852 2032 924 exodia
2057 867 2311 949 postea
2344 880 2467 953 ap·-

349 1067 458 1115 tur,
485 1073 747 1120 eorumque
780 1058 894 1104 voci
926 1068 1113 1105 tantum
1152 1057 1366 1105 diverbia

349 1135 546 1194 relicta3
577 1137 763 1183 cantica
788 1153 904 1183 vero
932 1137 1078 1184 relata
1102 1136 1164 1184 ad
1193 1148 1367 1201 tragoe-

349 1213 466 1274 dos,
488 1215 571 1277 qui
590 1216 909 1263 histrionibus
922 1227 1109 1279 gestum
1123 1217 1228 1263 sine
1246 1232 1367 1264 voce

347 1293 602 1357 agentibus
616 1294 678 1341 ad
696 1310 890 1341 manum
910 1295 1194 1342 cantabant:
1216 1306 1273 1343 ut
1286 1312 1366 1359 ap·

347 1375 479 1421 Suet.
504 1374 653 1437 Calig.
679 1374 761 1430 54.
782 1374 995 1437 Caligula
1014 1374 1232 1438 tragoedo
1250 1390 1365 1438 pro-

345 1452 594 1499 nuntianti
610 1453 896 1501 concinebat
911 1465 959 1501 et
970 1465 1159 1517 gestum
1178 1452 1368 1500 histrio-

346 1530 421 1577 nis
435 1530 714 1598 ffngebat;
723 1533 853 1580 etita
862 1531 1028 1579 Livius
1040 1532 1367 1591 Andronicus,

339 1625 546 1671 puerum
579 1611 652 1658 ad
675 1610 946 1657 canendum
978 1621 1093 1658 ante
1126 1610 1366 1668 tibicinem

347 1704 496 1749 qaum
521 1690 786 1745 statuisset,
818 1704 920 1738 non
947 1699 1098 1735 totam
1126 1689 1336 1735 fabulam
1350 1724 1366 1748 ,

347 1766 434 1813 sed
452 1768 692 1818 canticum
709 1768 858 1832 egisse
868 1767 1063 1832 vigente
1076 1779 1208 1815 motu
1222 1784 1367 1833 supra

347 1846 528 1894 dicitur
548 1864 599 1908 »ὅ
624 1847 772 1894 Drak.
799 1868 824 1888 α
846 1847 969 1908 Inde
990 1847 1293 1906 institutum,
1311 1859 1367 1896 ut

345 1925 467 1973 alius
494 1938 671 1991 praeter
695 1926 984 1974 histrionem
1009 1925 1073 1972 ad
1095 1926 1239 1986 hujus
1264 1943 1366 1974 ma·

343 2019 463 2052 num
500 2016 715 2053 cantaret
730 2040 744 2064 ,
782 2004 867 2051 sed
906 2003 976 2052 ut'
999 2004 1080 2051 ille
1120 2016 1364 2065 cantaret,

342 2083 460 2132 dum
500 2085 676 2133 histrio
721 2100 948 2131 manuum
994 2084 1364 2147 gesticulatione

341 2164 421 2211 vel
456 2176 588 2212 motu
624 2164 865 2211 canticum
893 2173 1086 2226 ageret,
1122 2163 1192 2210 ita
1223 2176 1279 2212 ut
1314 2177 1364 2214 ot

306 2267 316 2278 ι
338 2247 558 2292 canentis
598 2255 767 2292 cantus
808 2255 858 2290 et
902 2242 1156 2290 histrionis
1190 2259 1361 2291 manus

340 2325 617 2371 conformes
639 2315 799 2371 essent
821 2323 1133 2386 eamdemque
1152 2339 1254 2369 rem
1276 2340 1360 2371 ex-

340 2402 611 2465 primerent
639 2416 691 2461 »3
729 2402 912 2450 Stroth.
949 2403 1081 2450 Nota
1106 2405 1263 2451 Gron.
1287 2415 1360 2454 est

340 2479 480 2530 haec:
514 2481 723 2527 Cantor-e
759 2481 910 2528 alicui
948 2481 1020 2527 ad
1049 2498 1246 2529 manum
1285 2496 1360 2534 est

341 2558 699 2621 gesticulationi
711 2559 813 2617 ejus
826 2559 1001 2616 tacitae,
1014 2576 1122 2623 quae
1138 2561 1357 2610 saltando

337 2634 487 2685 fiebat
509 2647 559 2684 et
588 2635 782 2698 loquaci
808 2651 952 2681 manu
966 2670 981 2693 ‚
1015 2638 1259 2684 cantando
1283 2655 1359 2686 re-

339 2716 609 2780 spondere,
642 2726 692 2762 et
734 2713 1051 2777 pronuntiare
1084 2715 1332 2763 modulate
1346 2752 1360 2776 ,

338 2811 447 2858 quse
480 2794 654 2842 histrio
688 2803 818 2855 agat.
839 2790 1104 2853 Tragoedus
1127 2792 1359 2861 canebat,

337 2872 388 2920 h.
417 2890 459 2922 e.
487 2872 733 2920 modulate
752 2870 1131 2935 pronuntiabat3
1157 2871 1360 2931 histrio,

338 2953 415 3000 vel
424 2952 687 3018 hypocrita
695 2986 710 3009 ‚
723 2950 803 2998 vel
815 2949 1143 3014 pantomimus
1156 2950 1361 2999 saltabat

334 3043 387 3080 et
409 3030 803 3094 gesticulabatur3
824 3040 873 3076 et
889 3039 1066 3091 praeter
1084 3028 1177 3076 hos
1194 3029 1361 3078 aderat

336 3108 535 3159 tibicen.
557 3111 703 3160 Conf.
724 3112 855 3157 Suet.
880 3108 1032 3171 Calig.
1053 3109 1119 3165 54
1132 3142 1147 3167 ,
1171 3120 1220 3156 et
1239 3109 1358 3157 Ner.

336 3197 426 3244 24.
462 3192 537 3238 Ita
561 3188 610 3236 h.
638 3190 673 3237 l.
691 3204 819 3251 puer
853 3187 927 3234 ad
956 3188 1228 3235 canendum
1262 3204 1356 3253 pro

337 3267 581 3331 tragoed03
608 3266 780 3314 tibicen
795 3301 810 3323 ‚
837 3277 949 3314 ante
974 3282 1121 3329 quem
1148 3279 1356 3317 statutus

335 3363 459 3410 puer
469 3363 484 3404 3
501 3345 665 3392 Livius
675 3377 691 3402 ,
710 3357 850 3391 actor
864 3361 1059 3392 suorum
1070 3347 1355 3397 carminum.

338 3426 418 3473 Sic
443 3435 647 3472 cantare
665 3422 738 3469 ad
762 3423 903 3470 tibias
930 3440 1032 3471 non
1064 3441 1254 3491 semper
1275 3440 1357 3476 ⁸est

336 3501 647 3552 solummodo
670 3502 813 3549 tibias
841 3500 1007 3549 inflare
1021 3535 1036 3559 ,
1063 3504 1151 3550 sed
1174 3503 1271 3552 alio
1293 3505 1356 3553 ti-

337 3583 443 3631 bias
465 3583 707 3630 animante
720 3614 734 3639 ,
761 3596 955 3627 carmen
971 3597 1092 3629 voce
1108 3584 1355 3648 accinere3

335 3674 538 3712 cantare
559 3661 632 3708 ad
631 3660 764 3728 fides
773 3695 790 3718 ,
813 3660 887 3707 ad
903 3659 1142 3708 citharam
1161 3678 1252 3710 ora
1267 3679 1357 3710 vo-

334 3741 468 3792 aazia
494 3756 704 3797 movere,
746 3751 795 3788 et
832 3734 1142 3804 subjung'ere,
1175 3742 1255 3788 vel
1280 3759 1356 3789 so·-

332 3820 468 3868 ciare
504 3820 726 3868 carmina
762 3819 914 3867 nervae
925 3853 942 3876 ,
982 3819 1126 3868 simul
1161 3821 1353 3885 pulsare

331 3899 591 3957 citharam,
612 3899 755 3947 simul
782 3914 977 3958 canere,
1002 3899 1184 3946 saltare
1205 3900 1279 3947 ad
1298 3899 1354 3947 ti-

333 3978 537 4027 bicinem
563 3979 695 4043 apud
729 3981 857 4026 Fest.
891 3977 945 4024 in
970 3978 1115 4025 Salva
1147 3994 1221 4026 res
1249 3989 1319 4025 est
1332 4013 1349 4033 ,

333 4068 383 4105 et
400 4075 545 4123 supra
557 4058 817 4121 descriptus
831 4058 905 4105 ad
913 4057 1151 4105 tibicinem
1166 4068 1354 4105 cantus.

337 4135 581 4188 cantabat
597 4138 746 4202 igitur
763 4155 885 4203 puer
904 4137 977 4185 ad
994 4154 1192 4186 manum
1214 4136 1355 4204 Livio

1453 1055 1677 1104 histrioni
1700 1054 1866 1121 (conf.
1899 1065 2004 1102 not.
2032 1052 2117 1120 3),
2144 1055 2249 1120 ipse
2272 1058 2336 1105 ad
2361 1059 2477 1107 tibi..

1455 1135 1579 1182 cinis
1598 1134 1773 1182 modos
1792 1134 1993 1181 saltabat
2013 1150 2159 1197 agens
2177 1137 2437 1186 canticum.
2450 1164 2477 1183 η

1455 1214 1638 1263 Confer
1659 1217 1842 1261 Ferrar.
1865 1214 2017 1261 Elect.
2040 1215 2117 1274 11,
2148 1215 2204 1274 5,
2225 1217 2310 1264 ubi
2331 1230 2381 1266 et
2407 1237 2479 1269 re-

1454 1294 1580 1341 fellit
1601 1293 1989 1341 emendationem
2015 1294 2213 1341 Salmas.
2239 1296 2302 1343 ad
2320 1299 2478 1364 Vopi-

1455 1373 1530 1420 sci
1562 1374 1722 1421 Carin.
1750 1389 1798 1420 c.
1824 1388 1886 1434 19
1923 1372 2025 1438 (ad
2046 1389 2244 1421 manum
2273 1377 2475 1438 saltari,

1455 1463 1513 1500 ut
1536 1452 1608 1499 ad
1626 1462 1823 1499 manum
1843 1452 2027 1499 saltare
2047 1453 2110 1499 sit
2134 1454 2355 1501 manibus
2380 1458 2478 1504 sal-

1456 1542 1564 1578 tare
1589 1544 1638 1580 et
1661 1523 1967 1595 'gesticularss
1994 1535 2302 1602 χειρονομεῖν,
2328 1549 2384 1584 ut
2408 1537 2482 1585 ad

1456 1610 1600 1658 tibias
1641 1625 1816 1657 canere
1856 1626 1948 1674 pro
1988 1610 2114 1657 tibiis
2151 1619 2353 1680 canere)
2370 1650 2384 1674 ,
2429 1628 2479 1665 et

1453 1690 1696 1738 Gronovii
1723 1690 2174 1754 interpretationem
2203 1692 2478 1756 improbat,

1453 1769 1700 1836 praecipue
1745 1785 1803 1815 eo
1846 1768 1983 1832 qnod
2021 1781 2192 1817 cantor
2231 1774 2476 1823 cantando

1451 1864 1556 1896 non
1582 1848 1869 1912 responderi
1901 1848 2256 1911 gesticulationi
2279 1849 2478 1901 histrio-

1453 1929 1554 1985 nis,
1589 1944 1698 1991 quae
1741 1927 1962 1974 saltando
2003 1939 2052 1975 et
2094 1928 2288 1993 loquaci
2330 1948 2476 1980 manu

1452 2007 1578 2055 facta
1606 2007 1694 2066 sit,
1716 2007 1806 2054 sed
1833 2005 1967 2070 quod
1997 2018 2167 2054 contra
2192 2008 2366 2057 histrio
2394 2027 2476 2070 ea,

1452 2102 1562 2149 quae
1590 2097 1916 2144 cantarentur,
1943 2086 2164 2133 saltando
2191 2098 2239 2134 et
2266 2090 2474 2151 gesticu-

1448 2164 1599 2212 lando
1626 2166 1934 2229 expresserit.
1968 2168 2082 2229 Ipse
2107 2182 2217 2213 cum
2241 2168 2473 2217 Turnebo

1449 2244 1657 2292 Advers.
1680 2246 1782 2303 111,
1806 2246 1871 2291 23
1897 2244 1948 2292 h.
1971 2244 2005 2291 l.
2030 2247 2258 2309 exponit:
2275 2247 2472 2318 histrio3

1448 2338 1535 2371 nes
1555 2334 1810 2387 coeperunt
1827 2324 1901 2370 ad
1917 2340 2141 2381 manum,
2168 2326 2221 2371 in
2239 2339 2474 2391 promptu

1448 2413 1497 2449 et
1523 2418 1712 2461 coram,
1746 2418 1932 2467 prope,
1965 2403 2018 2448 in
2046 2404 2212 2450 vicino
2246 2404 2387 2469 (vide
2411 2405 2474 2453 ad

1446 2482 1511 2539 V,
1542 2498 1636 2539 20,
1673 2498 1722 2529 n.
1764 2479 1839 2547 1),
1872 2481 2076 2540 habere,
2107 2484 2192 2545 qui
2227 2495 2474 2547 cantaret,

1446 2571 1497 2608 et
1521 2576 1621 2623 quo
1644 2561 1994 2624 pronuntiante
2022 2561 2119 2625 ipsi
2139 2562 2381 2612 saltarent.
2402 2589 2475 2601 --

1450 2637 1723 2686 Diverbium
1740 2639 1937 2696 dicitur,
1957 2641 2153 2702 quando
2174 2641 2352 2689 diversi
2373 2662 2477 2692 ver-

1448 2713 1512 2760 ba
1544 2715 1761 2764 faciunt:
1791 2733 1847 2763 ac
1878 2716 2003 2762 nihil
2029 2718 2164 2765 aliud
2192 2732 2295 2779 est,
2326 2737 2472 2786 quam

1447 2803 1584 2839 actus
1625 2804 1674 2840 et
1707 2809 1889 2851 scenae,
1920 2811 1983 2841 ex
2013 2779 2196 2858 quilius
2217 2789 2375 2861 ipsum
2402 2804 2473 2850 fa-

1447 2868 1575 2917 bulae
1595 2886 1773 2934 corpus
1795 2882 2013 2930 constan
2029 2876 2298 2937 opponitur
2317 2878 2470 2927 choro

1448 2959 1497 2995 et
1510 2950 1718 2995 cantico.
1733 2951 1824 2998 En.
1835 2977 1905 2986 —-
1916 2953 2038 3015 Lege
2055 2951 2149 2998 hac
2142 2951 2466 3020 fabularum,

1446 3028 1636 3096 ratione
1671 3028 1923 3075 comoediae
1959 3030 2217 3093 legitimae,
2262 3050 2324 3080 ex
2367 3047 2471 3086 arte

1437 3108 1760 3171 pompositas,
1780 3106 2037 3165 Methode5
2052 3099 2221 3158 Bauer.

1525 3203 1603 3235 10.
1629 3188 1794 3234 Ludus
1814 3187 1864 3234 in
1883 3199 2036 3234 artem
2046 3181 2294 3252 paulatim
2313 3204 2470 3239 verte-

1444 3280 1548 3323 rat,
1571 3267 1723 3315 scilic.
1746 3283 1823 3325 se;
1852 3266 1964 3313 vide
1989 3266 2053 3313 ad
2068 3259 2146 3325 Π,
2179 3269 2236 3328 3,
2257 3287 2308 3318 n.
2331 3287 2379 3317 2.
2398 3299 2469 3307 --

1443 3348 1495 3393 H
1495 3346 1767 3393 istrt'onibus
1779 3381 1797 3403 ,
1828 3346 2135 3393 saltatoribus
2146 3382 2161 3405 ‚
2166 3347 2471 3412 fabellarum

1443 3437 1607 3472 actum
1619 3425 1911 3489 relinquere,
1935 3425 2351 3489 gesticulationem
2364 3445 2471 3492 per-

1441 3505 1661 3568 mittere3
1679 3505 1764 3568 qui
1775 3521 1921 3568 supra
1936 3504 2097 3552 dictus
2111 3515 2183 3551 est
2200 3506 2468 3556 carminum

1444 3595 1581 3630 actus
1590 3602 1611 3640 ;
1630 3583 1742 3631 vide
1756 3595 1862 3631 not.
1884 3584 1932 3630 3.
1951 3584 2265 3632 Casaubonus
2286 3584 2347 3632 de
2366 3586 2464 3634 Sat.

1443 3662 1589 3708 Rom.
1624 3677 1735 3726 pag.
1767 3664 1858 3709 182
1894 3661 1944 3710 h.
1970 3662 2003 3709 1.
2022 3664 2103 3709 »ita
2138 3664 2462 3735 wapaqopdtez·

1442 3740 1731 3786 Fabulamm
1759 3741 2119 3804 compositione
2144 3744 2367 3801 inventa,
2392 3760 2465 3790 re,-

1443 3819 1580 3866 frixit
1606 3817 1748 3864 initio
1778 3830 1963 3884 satyra3
1993 3835 2158 3866 verum
2184 3822 2279 3867 hoc
2299 3823 2465 3870 tantis·

1438 3912 1546 3961 per,
1568 3896 1684 3944 dum
1708 3912 1815 3945 mos
1844 3896 2079 3954 obtinuit,
2105 3910 2158 3946 ut
2185 3899 2279 3962 ipsi
2299 3913 2462 3965 poetae

1440 3992 1551 4023 suas
1571 3976 1623 4024 in
1641 3991 1784 4021 scena
1799 3975 1985 4021 fabulas
1999 3988 2221 4039 agerent:
2241 3975 2324 4026 ubi
2348 3996 2462 4027 vero

1442 4054 1618 4119 agendi
1637 4066 1798 4120 partes
1821 4053 1884 4100 ad
1900 4054 2161 4106 histriones
2178 4071 2291 4106 sunt
2308 4071 2464 4108 trans-

1441 4136 1578 4192 latae,
1606 4135 1770 4183 retulit
1799 4134 1851 4182 in
1881 4150 2074 4181 scenam
2104 4137 2208 4201 ipsa
2228 4139 2461 4200 juventus

1975 4248 2097 4290 92..
