3000 4717
411 417 2319 448 mmmmmmmmmmmmmmmmmmmm
2325 418 2507 437 mm

814 647 819 650 ·
877 610 985 695 T.
1051 609 1361 693 LIVII
1433 603 2024 694 PATAVINI

659 857 2254 1019 HISTORIARUM

1021 1183 1129 1238 AB
1180 1178 1415 1236 URBE
1468 1177 1868 1234 CONDITA

804 1382 1252 1486 LIBER
1332 1352 2089 1483 SEPTIMUS.

1141 1768 1768 1868 BnEwAfflUM.

399 1992 535 2047 Cn.
561 1991 620 2058 13
647 1991 852 2044 Annus
874 1983 947 2044 ab
973 1983 1120 2044 Urb.
1145 1984 1315 2044 cond.
1348 1983 1462 2059 389
1484 1982 1722 2060 insignis
1747 1981 1887 2040 novi
1906 1982 2153 2040 hominis
2178 1982 2477 2040 consulatu
2494 2023 2511 2051 ,

476 2079 756 2155 novisque
786 2077 1014 2137 duobus
1042 2077 1464 2156 magistratibus
1484 2120 1501 2148 ,
1531 2089 1786 2155 praetura
1813 2076 2037 2136 urbana
2061 2090 2119 2135 et
2149 2076 2335 2134 curuli
2362 2074 2510 2133 aedi-

475 2172 674 2231 litate:
703 2171 974 2229 convenit
1010 2189 1147 2228 mox
1162 2209 1186 2240 ‚-
1209 2183 1273 2227 ut
1309 2170 1426 2228 duo
1454 2169 1650 2228 aediles
1696 2170 1924 2227 curules
1952 2168 2193 2228 alternis
2232 2168 2402 2233 ‚annis
2440 2186 2514 2223 ex

473 2265 645 2343 plebe
684 2264 824 2323 fiant
848 2287 861 2321 ε
886 2263 1046 2341 quod
1080 2275 1278 2341 postea
1312 2262 1706 2341 promiscuum
1754 2262 1877 2319 fuit.
1919 2261 2248 2322 Pestilentia
2275 2260 2511 2336 ingens:

475 2378 628 2416 mors
649 2359 890 2417 Camilli.
904 2389 982 2414 -ψ-
994 2361 1082 2429 11;
1106 2356 1255 2416 Ludi
1278 2356 1488 2418 scenici
1511 2357 1664 2413 inter
1683 2356 1795 2414 alia
1813 2355 2051 2416 caelestis
2069 2356 2171 2412 irae
2193 2351 2514 2432 placamina

475 2449 753 2507 instituti:
782 2450 1044 2509 ludiones
1072 2470 1144 2507 ex
1171 2451 1401 2510 Etruria
1440 2450 1607 2510 acciti
1634 2461 1691 2506 et
1716 2448 2024 2512 histriones
2062 2448 2200 2506 dicti
2222 2470 2247 2505 :.
2262 2451 2514 2504 Fescen-

477 2539 599 2596 nini
628 2560 825 2597 versus
854 2564 867 2597 ε
896 2543 1144 2617 impletae
1172 2541 1357 2599 modis
1390 2555 1633 2600 saturae:
1663 2541 1861 2600 Livius
1885 2540 2283 2610 AndronicuS,
2314 2537 2389 2597 ab
2421 2538 2513 2594 his

478 2642 814 2707 argumento
835 2630 1088 2687 fabulam
1104 2651 1294 2688 serere
1321 2653 1520 2690 ausus:
1542 2634 1617 2690 ad
1642 2653 1873 2694 manum
1897 2634 2115 2694 cantari
2138 2630 2514 2692 histrionibus

477 2735 727 2800 coeptum
755 2745 768 2777 ε
797 2721 1061 2780 'diverbia
1090 2733 1310 2798 tantum
1333 2725 1461 2782 voci
1484 2744 1688 2782 eorum
1710 2727 1909 2788 relicta
1933 2749 1946 2782 ε
1969 2725 2203 2782 exodia:
2234 2726 2511 2784 atellanae.

479 2819 773 2885 —u111;1,.
803 2815 1051 2873 Manlius
1074 2816 1423 2893 Imperiosus
1448 2816 1699 2874 dictator
1717 2817 1864 2874 clavi
1891 2816 2025 2893 (qui
2052 2817 2227 2873 index
2251 2817 2389 2876 olim
2412 2836 2517 2872 nu-

476 2910 624 2966 meri
646 2928 928 2966 annorum
963 2908 1104 2988 fuit)
1139 2908 1351 2986 figendi
1379 2928 1550 2966 causa
1580 2908 1823 2966 dicitur:
1853 2909 2009 2979 idem
2030 2951 2046 2978 ,
2071 2908 2287 2984 bellum
2312 2907 2515 2964 herni-

477 3009 608 3057 cum
647 3000 922 3059 affectans
943 3046 959 3072 ‚
997 3000 1224 3058 delectu
1259 2998 1469 3060 acerbo
1491 3000 1869 3076 juventutem.
1889 3001 2095 3075 agitat,
2124 2998 2225 3058 sed
2252 2998 2484 3056 tandem
2500 3041 2517 3070 ‚

478 3092 745 3150 omnibus
773 3094 834 3152 in
854 3111 990 3154 eum
1009 3092 1253 3152 tribunis
1272 3093 1354 3170 pl.
1382 3093 1595 3156 coortis
1615 3135 1631 3163 ,
1656 3090 1941 3150 dictatura
1967 3090 2104 3149 abit.
2123 3097 2327 3162 -1V;
2347 3092 2518 3149 Diem
2596 3103 2601 3110 ²

478 3184 534 3242 ei
555 3185 696 3243 dicit
723 3192 803 3244 Μ.
831 3189 1181 3267 Pomponius
1206 3186 1337 3246 trib:
1365 3188 1442 3264 pl.
1469 3199 1529 3243 et
1558 3197 1773 3263 praeter
1800 3184 2167 3249 acerbitatem
2198 3186 2258 3242 in
2289 3185 2520 3246 delectu

480 3276 704 3334 crimini
727 3277 829 3336 dat
857 3281 1128 3340 saevitiam
1159 3280 1222 3338 in
1250 3279 1663 3355 filiumffquem
1692 3289 1856 3354 pater
1882 3296 2020 3334 vere
2044 3277 2385 3354 imperiosus
2401 3320 2418 3348 ,
2442 3277 2519 3336 ob

482 3367 808 3425 tarditatem
834 3370 1048 3446 ingenii
1066 3412 1084 3440 ‚
1108 3383 1395 3430 extorrem
1419 3368 1585 3432 Urbe
1606 3370 1666 3426 in
1692 3387 1841 3446 opus
1860 3368 2070 3426 ,servile
2098 3367 2336 3425 dederit.
2354 3374 2523 3440 --V;

479 3458 594 3518 Sed
607 3459 756 3517 filius
774 3459 1067 3520 tribunum
1081 3462 1277 3537 jurare
1294 3464 1448 3540 cogit
1460 3505 1477 3534 ‚
1493 3457 1563 3520 se'
1575 3463 1827 3539 incoepto
1850 3461 2223 3531 destiturum
2239 3474 2298 3518 et
2316 3460 2520 3520 eodem

482 3572 661 3623 anno,
683 3572 956 3628 quomon
994 3555 1241 3630 amplius
1269 3573 1467 3614 omnes
1506 3554 1727 3630 tribuni
1762 3556 2009 3622 militum
2038 3555 2121 3612 ead
2157 3554 2410 3630 legiones
2447 3554 2521 3612 ab

481 3643 884 3722 imperatore(
896 3647 1009 3721 qni»
1025 3646 1462 3722 Rufuli·postea
1499 3648 1836 3727 ὠπὴν-φά
1871 3669 1972 3708 sex
2000 3669 2039 3705 a
2082 3647 2301 3725 populo
2336 3648 2521 3704 creari

482 3756 705 3814 coepere
720 3780 737 3808 ,
757 3737 1075 3796 secundum
1103 3740 1164 3800 in
1184 3759 1282 3798 sex
1310 3740 1452 3798 locis
1471 3752 1655 3798 tenet.
1669 3773 1749 3785 —
1768 3746 1882 3812 V1;
1900 3747 2133 3818 Vorago
2159 3742 2437 3802 immensa
2463 3740 2525 3795 in

481 3832 609 3889 foro
638 3850 755 3889 non
784 3832 945 3909 prius
966 3832 1187 3910 expleri
1208 3845 1397 3910 potest
1411 3877 1428 3905 ,
1451 3853 1627 3909 quam
1650 3838 1730 3890 M.
1758 3835 2262 3914 Curtius-armatus
2287 3845 2343 3890 et
2364 3851 2520 3909 equo

478 3920 729 3980 insidens
768 3943 828 3981 se
864 3924 926 3982 in
960 3943 1086 3983 eam
1125 3925 1394 3984 immisit:
1426 3925 1579 3983 unde
1617 3925 1879 4002 plerique
1921 3926 2271 4002 appellatum
2315 3936 2522 4002 putant

484 4013 672 4071 lacum
718 4016 1000 4074 Curtium.
1034 4021 1097 4075 L.
1142 4017 1466 4089 Genucius,
1497 4018 1716 4095 primus
1758 4018 2057 4075 consulum
2089 4017 2161 4075 de
2195 4018 2393 4096 plebe,
2421 4021 2522 4096 qui

480 4104 696 4164 bellum
719 4110 894 4185 gerit,
918 4109 991 4168 ab
1014 4110 1276 4170 Hernicis
1297 4110 1360 4166 in
1387 4110 1619 4168 insidias
1644 4123 1857 4167 tractus
1888 4110 2172 4168 occiditur
2196 4132 2209 4165 ε
2244 4110 2378 4169 hinc
2408 4112 2520 4168 fre-

484 4211 647 4256 munt
677 4205 905 4278 Patres,
941 4215 999 4260 et
1027 4207 1141 4280 Ap.
1180 4202 1452 4264 Claudius
1480 4206 1716 4262 Crassus
1751 4202 1996 4261 dictator
2025 4201 2250 4261 dicitur.
2275 4235 2353 4248 —
2375 4207 2518 4272 VI1;
