3000 4717
2306 245 2354 283 Δ.
2381 242 2430 282 G.
2462 245 2561 292 342.

497 264 631 358 392
1101 361 1108 366 η
1340 269 1417 335 Τ.
1484 266 1759 334 LIVII
2307 304 2435 345 uc.
2462 310 2563 353 ω,

489 382 740 481 populi
781 386 1032 474 unius,
1084 387 1463 458 consilium
1500 387 1736 457 omnis
1765 386 2075 456 nominis
2102 385 2307 456 latini
2330 398 2352 427 ¹
2385 401 2613 476 esset,

482 490 792 563 dictator
821 495 1020 566 velut
1053 497 1391 568 adversus
1417 511 1770 567 armatum
1786 494 1932 590 jam
1948 496 2234 566 Latium
2254 500 2333 566 L.
2353 497 2615 568 Furius

484 616 765 674 creatus
782 658 802 692 ‚
816 607 1237 703 magistrum
1254 608 1584 704 equitum
1604 610 1732 677 Cn.
1751 605 2097 676 Manlium
2116 605 2610 702 Capitolinum

482 710 660 782 dixit
693 741 709 782 ε
752 729 822 784 et
865 741 1130 812 quum,
1170 717 1368 815 quod
1405 741 1536 813 per
1573 740 1875 812 magnos
1911 715 2266 786 tumultus
2298 714 2454 786 fieri
2484 741 2611 787 so-

479 820 689 892 litum
724 840 909 912 erat,
932 826 1213 920 justitio
1242 825 1546 913 indicto,
1576 824 1897 896 delectus
1927 825 2081 896 sine
2110 823 2610 896 vacationibus

478 929 770 1003 habitus
806 951 1031 1024 esset3
1063 935 1383 1033 legiones
1405 989 1425 1023 ‚
1455 949 1811 1031 quantum
1844 935 2190 1005 maturari
2219 935 2454 1030 potuit
2475 989 2494 1023 ‚
2522 936 2608 1005 in

476 1043 857 1114 Auruncos
873 1044 1137 1116 ductae:
1157 1045 1259 1116 ibi
1287 1045 1710 1142 praedonum
1737 1044 1961 1139 magis
1978 1097 1997 1130 ‚
2024 1066 2240 1140 quam
2256 1043 2604 1134 hostium,

472 1151 693 1222 animi
725 1154 1021 1224 inventi.
1052 1156 1283 1225 Prima
1307 1156 1552 1250 itaque
1573 1153 1721 1223 acie
1746 1150 2186 1222 debellatum
2207 1166 2347 1239 est3
2383 1151 2607 1223 dicta-

475 1279 588 1335 tor
630 1271 872 1338 tamen
894 1322 913 1355 ,
954 1269 1125 1364 quia
1181 1283 1253 1338 et
1298 1267 1490 1338 ultro
1527 1265 1804 1337 bellum
1854 1266 2286 1353 intulerant,
2328 1278 2401 1336 et
2442 1267 2604 1337 sine

471 1373 993 1448 detrectatione
1013 1403 1088 1449 se
1113 1379 1484 1449 certamini
1505 1373 1910 1447 offerebant
1928 1428 1948 1461 ,
1977 1373 2281 1444 deorum
2300 1377 2601 1470 quoque

469 1511 644 1585 opes
668 1489 1113 1561 adhibendas
1125 1506 1346 1579 ratus,
1367 1489 1798 1586 interipsam
1815 1485 2344 1557 dimicationem
2369 1485 2597 1558 aedem

465 1601 736 1670 Junoni
783 1604 1092 1672 Monetae
1139 1603 1428 1672 vovit²z
1486 1601 1693 1695 cujus
1739 1597 2116 1669 damnatus
2159 1597 2311 1667 voti
2364 1621 2597 1693 quum

465 1708 696 1778 victor
737 1714 1040 1781 Romam
1074 1712 1482 1783 revertisset
1504 1764 1524 1798 ‚
1558 1710 1907 1780 dictatura
1934 1732 2009 1778 se
2043 1706 2418 1779 abdicavit.
2462 1714 2596 1780 Se-

466 1830 678 1887 natus
717 1819 1139 1893 duumviros
1176 1821 1264 1892 ad
1308 1844 1465 1892 eam
1506 1818 1733 1890 aedem
1773 1841 1907 1915 pro
1945 1816 2417 1913 amplitudine
2453 1840 2596 1914 po-

463 1926 619 2023 puli
674 1932 957 2002 romani
1011 1929 1410 2003 faciendam
1470 1931 1694 2002 creari
1740 1928 1949 2024 jussit
1981 1955 1995 1996 z
2038 1927 2239 1998 locus
2291 1931 2370 1997 in
2429 1950 2592 1998 arce

465 2036 895 2130 destinatus,
932 2067 1093 2139 quae
1131 2068 1292 2114 area
1329 2040 1591 2111 aedium
1614 2045 1713 2110 M.
1739 2038 1988 2109 Manlii
2023 2037 2409 2135 Capitolini
2438 2033 2590 2107 fue·

460 2163 590 2220 rat.
633 2153 986 2224 Consules
1005 2209 1024 2242 ‚
1068 2153 1434 2224 dictatoris
1467 2150 1787 2222 exercitu
1824 2147 1919 2218 ad
1955 2146 2231 2218 bellum
2267 2147 2589 2218 volscum

462 2366 644 2432 pet-fuit
678 2367 841 2430 itaque
877 2367 1038 2416 adhuc
1073 2369 1192 2416 belli
1225 2367 1397 2432 punici
1428 2368 1479 2413 11
1567 2364 1685 2413 deos
1722 2375 1778 2412 ut
1812 2363 1972 2412 velint
2001 2379 2188 2428 semper
2219 2378 2279 2410 ea
2312 2361 2433 2410 solvi
2464 2379 2587 2411 sem-

457 2453 680 2508 tempore
710 2443 852 2507 (vide
877 2447 1132 2503 xxvm,
1159 2463 1177 2492 1
1195 2446 1264 2510 t);
1292 2445 1441 2494 Drak.
1559 2459 1747 2507 perque
1764 2443 1964 2508 signari.
1984 2444 2052 2490 At
2071 2442 2156 2505 qui
2175 2452 2343 2488 votum
2363 2457 2588 2507 suscepe-

532 2523 652 2570 Cn.
688 2524 934 2571 XXVIII.
973 2540 1016 2571 1.
1065 2525 1230 2572 Omnis
1269 2523 1477 2572 nominis
1569 2533 1665 2581 rat,
1686 2521 1897 2570 necdum
1917 2522 2019 2568 voti
2038 2536 2242 2583 compos
2262 2520 2581 2584 persolverat,

459 2599 626 2656 latini,
655 2601 773 2649 vide
797 2602 861 2649 ad
885 2604 937 2660 Ι,
974 2617 1063 2661 ιο,
1088 2620 1140 2650 ιι.
1160 2619 1210 2652 2.
1239 2630 1310 2641 --·
1335 2602 1483 2666 Quod
1566 2617 1675 2650 reus
1693 2601 1802 2651 voti
1818 2599 2310 2666 appellabatur-virg.
2326 2599 2583 2660 AEneid.V,

444 2693 540 2742 per
557 2694 758 2743 magnos
780 2682 1007 2729 tumultus
1012 2681 1137 2749 fien
1158 2682 1353 2732 solitum
1372 2693 1479 2730 erat
1568 2681 1698 2740 236,
1735 2681 1878 2728 Vobis
1919 2682 2054 2728 Ioetus
2089 2695 2176 2744 ego
2207 2679 2486 2726 candentem
2523 2679 2579 2726 li.

451 2755 596 2822 (vide
621 2758 686 2805 ad
711 2761 786 2818 11,
812 2760 904 2819 26,
926 2776 976 2808 n.
994 2759 1269 2825 1)‚J'ustitio
1291 2761 1474 2809 indicto
1565 2770 1671 2807 tore
1709 2772 1903 2808 taurum
1946 2757 2247 2805 Constituam
2281 2768 2396 2804 ante
2430 2773 2545 2804 aras
2558 2793 2576 2815 ,

453 2832 605 2899 (vide
635 2837 700 2884 ad
728 2839 830 2898 111,
867 2840 923 2898 3,
952 2857 1006 2887 ιι.
1031 2837 1107 2905 1),
1140 2840 1348 2887 delectus
1373 2839 1476 2887 sine
1561 2838 1676 2887 voti
1696 2855 1821 2886 reus.
1848 2836 2000 2885 Et-ad
2018 2836 2070 2883 h.
2090 2835 2126 2884 l.
2143 2836 2368 2884 Maon-ob.
2389 2838 2578 2883 Satura.

451 2915 795 2964 vacationibus
837 2917 1030 2966 habitus
1069 2930 1217 2976 esset,
1259 2919 1375 2966 vide
1411 2918 1476 2965 ad
1562 2919 1664 2977 111,
1693 2934 1735 2965 c.
1758 2932 1838 2975 ιι,
1866 2918 1988 2963 Hoee
2013 2931 2145 2972 vox,
2174 2915 2356 2977 inquit,
2374 2914 2579 2979 propria

451 2992 542 3053 lv,
571 2995 667 3053 26,
699 3011 749 3042 ιι.
774 3011 820 3056 7.
1561 3012 1810 3043 saer-orum
1833 3006 1927 3050 est,
1959 3005 2015 3060 ut
2036 3009 2145 3041 reus
2160 3004 2366 3041 vocetur
2381 2993 2468 3058 qui
2481 3009 2578 3040 sus·

520 3087 568 3120 2.
598 3073 774 3121 AEdem
792 3074 980 3122 Iunoni
998 3073 1212 3123 Monetoe
1228 3074 1365 3122 vovit
1371 3110 1390 3132 ‚
1421 3091 1469 3122 v.
1560 3086 1702 3139 cepto
1725 3085 1845 3121 voto
1876 3059 2149 3120 numinibus
2173 3088 2225 3119 se
2251 3071 2450 3136 obligat.
2478 3071 2576 3134 Qui

450 3148 513 3197 ad
530 3150 632 3208 VI,
654 3156 1307 3210 umnam—Damnatus
1331 3154 1465 3210 wei,
1558 3167 1676 3202 vero
1699 3163 1819 3201 voto
1841 3162 2366 3217 snscepto‚assecutus
2382 3150 2461 3210 id,
2483 3165 2576 3214 pro

444 3228 560 3275 vide
585 3229 649 3276 ad
669 3232 735 3288 V,
754 3232 842 3290 25,
866 3247 918 3279 ιι.
943 3248 991 3279 2.
1008 3260 1080 3269 —-
1099 3235 1275 3281 Votum
1295 3232 1469 3281 Cicero
1562 3248 1662 3296 quo
1692 3242 1928 3290 voverat,
1959 3230 2185 3279 nondum
2218 3241 2382 3278 tamen
2414 3229 2575 3278 soluto

448 3304 544 3370 (de
567 3309 733 3372 Legib.
754 3312 832 3369 11,
866 3309 958 3376 16)
980 3310 1108 3358 dixit
1131 3326 1235 3358 esse
1258 3311 1472 3375 sponsio-
1560 3322 1706 3371 voto,
1728 3311 1990 3359 damnatus
2006 3310 2119 3357 voti
2134 3308 2418 3369 dicebatur3
2442 3307 2576 3372 quod

443 3400 581 3444 nem,
605 3404 707 3451 qua
720 3388 810 3435 deo
825 3388 1123 3454 obligamur,
1142 3399 1197 3436 ut
1205 3389 1466 3450 juriscons.
1557 3390 1685 3438 clare
1709 3390 1839 3437 Livii
1868 3389 1999 3438 dicta
2021 3389 2249 3448 XXVII,
2271 3388 2357 3447 45,
2376 3388 2574 3436 demon·

442 3476 494 3513 et
526 3466 742 3532 theolog.
777 3465 1088 3516 definitiones
1125 3469 1465 3533 praetermitta-
1555 3479 1736 3529 strant,
1763 3469 1879 3517 deos
1902 3483 2089 3525 omnes,
2111 3468 2204 3527 ait,
2229 3467 2444 3531 deasque
2458 3481 2572 3530 pne-

437 3561 564 3593 mus.
599 3547 699 3609 Qui
731 3561 850 3594 vero
881 3557 998 3595 vota
1032 3562 1127 3612 pro
1161 3562 1214 3595 re
1246 3548 1409 3612 aliqua
1436 3565 1465 3597 a
1553 3550 1811 3607 cubantia,
1837 3560 1892 3596 ut
1911 3547 2236 3614 illisfaustum
2255 3545 2575 3612 iter-felixque

438 3625 533 3673 diis
556 3625 857 3690 impetranda
881 3624 1088 3675 faciebat
1102 3660 1119 3685 ‚
1146 3643 1347 3684 vovere,
1375 3641 1461 3675 seu
1543 3644 1717 3693 pugna
1731 3663 1748 3686 ,
1785 3638 1981 3675 matura
2015 3641 2081 3674 ex
2115 3624 2331 3673 hostibus
2363 3623 2576 3672 vieton'a

434 3715 551 3753 vota
575 3704 813 3769 suscipere
825 3721 842 3762 3
880 3714 929 3752 et
953 3720 1234 3770 nuncupare
1263 3705 1458 3754 diceba·
1551 3719 1701 3765 esset,
1732 3707 2178 3769 domarentur-que
2203 3704 2297 3769 ipsi
2316 3715 2570 3762 votorum,

436 3795 548 3842 tut-3
578 3786 665 3846 qui
698 3800 819 3833 vero
849 3785 1094 3844 solvebat,
1116 3786 1389 3849 persolvere
1409 3799 1458 3835 et
1549 3802 1662 3850 φια-
1686 3803 1784 3851 pro
1824 3786 1885 3834 iis
1921 3784 2249 3848 suscepissent.
2277 3783 2408 3830 vide
2438 3794 2490 3830 et
2508 3783 2572 3831 al.

431 3860 628 3924 signare
645 3874 784 3912 vota.
796 3865 941 3914 Teate
959 3864 1121 3913 Plinio
1139 3867 1192 3912 X
1205 3898 1220 3924 ,
1239 3865 1303 3914 ad
1324 3867 1455 3928 Trai.
1546 3864 1760 3925 sinstv,
1790 3865 1858 3912 25
1868 3882 1883 3924 3
1906 3865 2137 3912 XXXIX
2149 3898 2164 3922 ,
2189 3880 2248 3929 93
2265 3862 2446 3926 virgil.
2467 3861 2573 3911 Ecl.

435 3941 500 3987 36
516 3974 531 3999 ,
569 3940 789 3990 solennia
830 3955 953 3992 vota
986 3960 1083 4008 pro
1125 3944 1458 3993 incolumitate
1547 3946 1612 4004 V,
1642 3961 1724 4008 79.
1749 3947 1842 3994 En.
1874 3972 1945 3981 ——-
1969 3943 2288 3999 Duumoiros,
2314 3953 2409 3990 etc.
2439 3941 2574 3989 conf.

430 4028 517 4065 tua
538 4029 588 4062 et
606 4022 894 4083 suscepimus
920 4035 970 4069 et
991 4024 1238 4081 solvimus,
1253 4024 1454 4087 precati
1536 4024 1600 4071 ad
1614 4026 1728 4082 XL,
1762 4032 1855 4082 44,
1880 4040 1930 4071 n.
1956 4024 2002 4071 5.
2027 4050 2096 4060 --
2114 4025 2274 4070 Locus
2297 4022 2347 4069 in
2367 4036 2484 4068 arce
2498 4017 2574 4083 (v.
